=LDR  00879cam a2200241 i 4500
=001  6579
=005  20250120115957.0
=008  750520r19741933enk\\\\\\b\\\\001\0\eng\\
=015  \\$aGB74-13738
=020  \\$a0192811576 :$c£1.50
=040  \\$aOI
=100  \\$aChaucer, Geoffrey$d1343-1400$1http://www.wikidata.org/entity/Q5683$910197
=240  10$9438$aWorks.$f1974
=245  04$aThe works of Geoffrey Chaucer /$cedited by F. N. Robinson.
=250  \\$a2nd ed.
=260  \\$aLondon :$bOxford University Press,$c1974.
=300  \\$axliv, 1002 p. ;$c21 cm.
=490  0\$aOxford paperbacks ; 325
=504  \\$aBibliography: p. 641-645.
=700  \\$aRobinson, Fred Norris$d1871-1966$910198
=942  \\$cBOO
=952  \\$00$10$2ddc$40$6LIT_CHAU_A$70$8LIT$96578$aORPH$bORPH$cKM12_2_H$d2020-07-08$eKoopman$i40A09$oLIT CHAU a$p20120353$r2021-01-12 00:00:00$w2021-01-12$yBOO
=999  \\$c6579$d6579

