=LDR  00430    a2200121   4500
=001  6580
=020  \\$a0140440224
=100  \\$aChaucer, Geoffrey$d1343-1400$1http://www.wikidata.org/entity/Q5683$910197
=245  \\$aThe Canterbury tales
=260  \\$c1975
=942  \\$cBOO
=952  \\$00$10$2ddc$40$6LIT_CHAU_A$70$8LIT$96579$aORPH$bORPH$cKM12_2_H$d2020-07-08$eKoopman$i40A10$oLIT CHAU a$p20120352$r2021-01-12 00:00:00$w2021-01-12$yBOO
=999  \\$c6580$d6580

