=LDR  00429    a2200121   4500
=001  6581
=020  \\$a140442391
=100  \\$aChaucer, Geoffrey$d1343-1400$1http://www.wikidata.org/entity/Q5683$910197
=245  \\$aTroilus and Criseyde
=260  \\$c1971
=942  \\$cBOO
=952  \\$00$10$2ddc$40$6LIT_CHAU_A$70$8LIT$96580$aORPH$bORPH$cKM12_2_H$d2020-07-08$eKoopman$i40A11$oLIT CHAU a$p20120351$r2021-01-12 00:00:00$w2021-01-12$yBOO
=999  \\$c6581$d6581

