=LDR  01128cam a2200253 a 4500
=001  6586
=005  20251103124735.0
=008  010322s2001\\\\sp\g\\\\\b\\\\001\0\spa\\
=020  \\$a8420678953
=041  \\$aspa
=100  \\$aChiantore, Luca$4aut$1http://www.wikidata.org/entity/Q5981776$910204
=245  10$aHistoria de la técnica pianística-$bUn estudio sobre los grandes compositores y el arte de la interpretación en busca de la Ur-Technik
=250  \\$a1st ed.
=260  \\$aMadrid$bAlianza$c2001
=300  \\$a758 pages
=490  \\$aAlianza música
=504  \\$aIncludes bibliographical references (p. [725]-745) and index
=650  \0$aPiano$1http://www.wikidata.org/entity/Q5994$92127
=650  \0$aMusic history$1http://www.wikidata.org/entity/Q846047$921373
=650  \0$aMusical interpretation$1http://www.wikidata.org/entity/Q1668139$94533
=650  \0$aMusic education$1http://www.wikidata.org/entity/Q27908$921766
=942  \\$cBOO
=952  \\$00$10$2ddc$40$6INS_3_000000000000000_3A$70$8INS$96585$aORPH$bORPH$cKTS0$d2020-07-08$eKoopman$i24B64$oINS3.3a$p20129060$r2021-01-12 00:00:00$w2021-01-12$yBOO
=999  \\$d6586

