=LDR  01462aam a2200265   4500
=001  6588
=008  250617s2006\\\\|||a||||\m|||\00|\0\eng\d
=041  \\$aeng
=100  \\$aChiasson-Taylor, R. A. M.$910206$4aut
=245  \\$aMusicians and Intelligence Operations, 1570-1612:$bPolitics, Surveillance, and Patronage in the Late Tudor and Early Stuart Years
=260  \\$aMontreal$bMcGill University$c2006
=300  \\$aix-307 pages
=500  \\$aDissertation
=590  \\$aA dissertation submitted to McGill Unversity in partial fulfillment of the requirements of the degree of Doctor of Philosophy (Musicology)
=610  \0$aHouse of Tudor$1http://www.wikidata.org/entity/Q101978$922790
=610  \0$aHouse of Stuart$1http://www.wikidata.org/entity/Q179840$922791
=648  \0$a16th Century (1501-1600)$1http://www.wikidata.org/entity/Q7017$920944
=648  \0$a17th Century (1601-1700)$1http://www.wikidata.org/entity/Q7016$920923
=650  \0$aMusic history$1http://www.wikidata.org/entity/Q846047$921373
=650  \0$aPolitics$1http://www.wikidata.org/entity/Q7163$921826
=650  \0$aPatronage$1http://www.wikidata.org/entity/Q214092$94245
=651  \0$aUnited Kingdom$1http://www.wikidata.org/entity/Q21$1http://www.wikidata.org/entity/Q145$9273
=942  \\$cDIS
=952  \\$00$10$2ddc$40$6TOP_GB_4_000000000000000$70$8TOP$96587$aORPH$bORPH$cKTS0$d2020-07-08$eKoopman$i47B05$l0$oTOP GB 4$p20121509$r2021-01-12 00:00:00$w2021-01-12$yDIS$OKoopman
=999  \\$d6588

