=LDR  01023cam a2200241 a 4500
=001  6590
=005  20250120115957.0
=008  881020s1988\\\\it\a\\\\\b\\\\000\0\ita\\
=020  \\$a884352447X
=040  \\$aOI
=100  \\$aChini, Ezio$910208
=245  13$aIl Romanino a Trento :$bgli affreschi nella Loggia del Buonconsiglio /$cEzio Chini.
=260  \\$aMilan$bElecta,$cc1988.
=300  \\$a145 p. :$bcol. ill. ;$c29 cm.
=504  \\$aBibliography: p. 23-24.
=600  \0$aRomanino, Girolamo$dc. 1485-c. 1566$1http://www.wikidata.org/entity/Q732766$910209
=650  \0$aFine art$1http://www.wikidata.org/entity/Q219625$921579
=650  \0$aFine art$1http://www.wikidata.org/entity/Q219625$921579
=610  \0$aCastello del Buonconsiglio (Trento, Italy)$91272
=942  \\$cBOO
=952  \\$00$10$2ddc$40$6BIO_ROMA_A$70$8BIO$96589$aORPH$bORPH$cKTS1_P$d2020-07-08$eKoopman$i21G47$l0$oBIO ROMA a$p20125569$r2021-01-12 00:00:00$w2021-01-12$yBOO$OKoopman
=999  \\$c6590$d6590
=651  \0$aItaly$1http://www.wikidata.org/entity/Q38$922

