=LDR  00791    a2200181   4500
=001  6592
=008  220617s1951\\\\||||||||\||||\00|\1\fre\d
=100  \\$aChoderlos de Laclos, Pierre$d1741-1803$4aut$1http://www.wikidata.org/entity/Q212476$910211
=245  \\$aŒuvres complètes
=260  \\$aParis$bGallimard$c1951
=490  \\$aBibliothèque de la Pléiade$v6
=648  \0$a18th Century (1701-1800)$1http://www.wikidata.org/entity/Q7015$920899
=650  \0$aLiterature$1http://www.wikidata.org/entity/Q8242$94439
=651  \0$aFrance$1http://www.wikidata.org/entity/Q142$9131
=700  \\$4edt$aAllem, M.$924423
=942  \\$cBOO
=952  \\$00$10$2ddc$40$6LIT_LACL_A$70$8LIT$96591$aORPH$bORPH$cKM12_2_H$d2020-07-08$eKoopman$i44D38$oLIT LACL a$p20126601$r2021-01-12 00:00:00$w2021-01-12$yBOO
=999  \\$d6592

