=LDR  01380aam a2200253   4500
=001  6593
=008  220506i19551958||||||||\||||\00|\f\fre\d
=041  \\$afre$hfro
=100  \\$aChrétien$cde Troyes$dactive 12th century$4aut$1http://www.wikidata.org/entity/Q4302$910212
=245  \\$aLes Romans de Chrétien de Troyes
=260  \\$aParis$bChampion$c1955$c1957$c1958
=300  \\$a3 volumes
=490  \\$aClassiques français du moyen âge$v80, 84, 86
=561  \\$aEx libris Laura Dobbenga
=648  \0$aMiddle Ages (500-1400)$1http://www.wikidata.org/entity/Q12554$920964
=650  \0$aNovel$1http://www.wikidata.org/entity/Q8261$921629
=651  \0$aFrance$1http://www.wikidata.org/entity/Q142$9131
=700  \\$4edt$aRoques, Mario$922380
=700  \\$4edt$aMicha, A.$924098
=942  \\$cBOO
=952  \\$00$10$2ddc$3vol. 1: Érec et Énide$40$6LIT_TROY_A$70$8LIT$96592$aORPH$bORPH$cKM12_2_H$d2020-07-08$eKoopman$i43D16_01$oLIT TROY a$p20126518$r2021-01-12 00:00:00$w2021-01-12$yBOO
=952  \\$00$10$2ddc$3vol. 2: Cligès$40$6LIT_TROY_A$70$8LIT$96593$aORPH$bORPH$cKM12_2_H$d2020-07-08$eKoopman$i43D16_02$oLIT TROY a$p20126517$r2021-01-12 00:00:00$w2021-01-12$yBOO
=952  \\$00$10$2ddc$3vol. 3: Le Chevalier de la Charette$40$6LIT_TROY_A$70$8LIT$96594$aORPH$bORPH$cKM12_2_H$d2020-07-08$eKoopman$i43D16_03$oLIT TROY a$p20126516$r2021-01-12 00:00:00$w2021-01-12$yBOO
=999  \\$d6593

