=LDR  01006aam a2200217   4500
=001  6596
=008  210916s1992\\\\|||g||||\||||\00|\0\ger\d
=024  \\$2Bärenreiter$aBA 8186
=041  \\$ager$hdan
=100  \\$aChristensen, Jesper Bøje$d1944-$4aut$910213
=245  \\$aDie Grundlagen des Generalbaßspiels im 18. Jahrhundert.$bEin Lehrbuch nach Zeitgenössischen Quellen
=260  \\$aKassel$bBärenreiter$c1992
=300  \\$a155 pages
=500  \\$aTon Koopman is highly critical of Christensen's ideas on continuo realization.
=648  \0$a18th Century (1701-1800)$1http://www.wikidata.org/entity/Q7015$920899
=650  \0$aMethod$1http://www.wikidata.org/entity/Q2250960$921402
=650  \0$aBasso continuo$1http://www.wikidata.org/entity/Q724321$921065
=700  \\$aRampe, Siegbert$d1964-$4trl$99486
=942  \\$cBOO
=952  \\$00$10$2ddc$40$6MTP_2_000000000000000_CHRI$70$8MTP$96595$aORPH$bORPH$cKM12_1$d2020-07-08$eKoopman$i21B21$oMTP2 CHRI$p20128360$r2021-01-12 00:00:00$w2021-01-12$yBOO
=999  \\$d6596

