=LDR  00843nam a2200181Ia 4500
=001  6602
=008  230131s1986\\\\\\\\\\\\\\\\\\\\\\0\ita
=041  \\$aita
=100  \\$aCiliberti, G.$910219$4aut
=245  \0$aAntonio Maria Abbatini e la musica del suo tempo (1595-1679):$bdocumenti per una ricostruzione bio-bibliografica
=260  \\$aPerugia$bQuaderni Regione dell'Umbria$c1986
=600  \0$aAbbatini, Antonio Maria$d1595/1609/10-1677/79$1http://www.wikidata.org/entity/Q550788$921036
=648  \0$a17th Century (1601-1700)$1http://www.wikidata.org/entity/Q7016$920923
=650  \0$aComposer$1http://www.wikidata.org/entity/Q36834$93625
=651  \0$aItaly$1http://www.wikidata.org/entity/Q38$922
=942  \\$cBOO
=952  \\$00$10$2ddc$40$6BIO_ABBA_B$70$8BIO$96601$aORPH$bORPH$cKTS1_P$d2020-07-08$eKoopman$i28B31$oBIO ABBA b$p20121475$yBOO
=999  \\$d6602

