=LDR  01003aam a2200205   4500
=001  6605
=008  250617s2001\\\\||||||||\||||\00|\0\ita\d
=041  \\$aita
=100  \\$aCirani, P.$910222$4aut
=245  \\$aMusica e spettacolo nel Teatro Nuovo di Mantova (1732-1898)
=260  \\$aMantua$bPostumia$c2001
=610  \0$aTeatro Sociale (Mantua, Italy)$1http://www.wikidata.org/entity/Q3982158$940405
=648  \0$a18th Century (1701-1800)$1http://www.wikidata.org/entity/Q7015$920899
=648  \0$a19th Century (1801-1900)$1http://www.wikidata.org/entity/Q6955$920935
=650  \0$aMusic history$1http://www.wikidata.org/entity/Q846047$921373
=650  \0$aTheater history$1http://www.wikidata.org/entity/Q1061140$94607
=651  \0$aMantua (Italy)$1http://www.wikidata.org/entity/Q6247$921593
=942  \\$cBOO
=952  \\$00$10$2ddc$40$6TOP_IT_MAN_5_000000000000000$70$8TOP$96604$aORPH$bORPH$cKTS0$d2020-07-08$eKoopman$i28D31$l0$oTOP IT.MAN 5$p20123575$r2021-01-12 00:00:00$w2021-01-12$yBOO$OKoopman
=999  \\$d6605

