=LDR  01049aam a2200205   4500
=001  6606
=008  250617s1995\\\\||||||||\||||\00|\0\ita\d
=100  \\$aCirani, P.$910222$4aut
=245  \\$aMusica e spettacolo a Colorno tra XVI e XIX secolo
=260  \\$aParma$bZara$c1995
=648  \0$a16th Century (1501-1600)$1http://www.wikidata.org/entity/Q7017$920944
=648  \0$a17th Century (1601-1700)$1http://www.wikidata.org/entity/Q7016$920923
=648  \0$a18th Century (1701-1800)$1http://www.wikidata.org/entity/Q7015$920899
=648  \0$a19th Century (1801-1900)$1http://www.wikidata.org/entity/Q6955$920935
=650  \0$aMusic history$1http://www.wikidata.org/entity/Q846047$921373
=650  \0$aTheater history$1http://www.wikidata.org/entity/Q1061140$94607
=651  \0$aColorno (Italy)$1http://www.wikidata.org/entity/Q100782$940404
=942  \\$cBOO
=952  \\$00$10$2ddc$40$6TOP_IT_COL_4_000000000000000$70$8TOP$96605$aORPH$bORPH$cKTS0$d2020-07-08$eKoopman$i42F17$l0$oTOP IT.COL 4$p20121997$r2021-01-12 00:00:00$w2021-01-12$yBOO$OKoopman
=999  \\$d6606

