=LDR  01243nam a22003017i 4500
=001  6607
=003  OI
=005  20250121142121.0
=008  150424s1963\\\\fr\||||||\\\\|||||\bfre|c
=040  \\$bOI
=041  \7$afre
=100  1\$aCitron, Pierre$4aut
=245  10$aCouperin
=260  \\$aParis$bÉditions du Seuil$c1963
=300  \\$a191 pages$billustrations$c18 cm
=490  \\$aSolfèges
=534  \\$aOriginally published in 1958
=600  \0$aCouperin, François$d1668-1733$1http://www.wikidata.org/entity/Q50186$96241
=648  \0$a17th Century (1601-1700)$1http://www.wikidata.org/entity/Q7016$920923
=648  \0$a18th Century (1701-1800)$1http://www.wikidata.org/entity/Q7015$920899
=650  \0$aComposer$1http://www.wikidata.org/entity/Q36834$93625
=650  \0$aInstrumentalist$1http://www.wikidata.org/entity/Q1278335$921706
=650  \0$aHarpsichord$1http://www.wikidata.org/entity/Q81982$92125
=650  \0$aBiography$1http://www.wikidata.org/entity/Q36279$91927
=651  \0$aFrance$1http://www.wikidata.org/entity/Q142$9131
=942  \\$cBOO
=952  \\$00$10$2ddc$40$6BIO_COUP_D$70$8BIO$96606$aORPH$bORPH$cKTS1_P$d2020-07-08$eKoopman$i32G01$oBIO COUP d$p20122829$r2021-01-12 00:00:00$w2021-01-12$yBOO$OKoopman
=999  \\$d6607

