=LDR  00651aam a2200181   4500
=001  6611
=008  240409s1996\\\\||||||||\||||\00|\0\dut\d
=020  \\$a9789051216813
=041  \\$adut
=100  \\$aClaassen, J.$910226$4aut
=245  \\$aHet geheim van het Jostiband Orkest
=260  \\$aBaarn$bTirion$c1996
=500  \\$aArchival copy
=650  \0$aOrchestra$1http://www.wikidata.org/entity/Q42998$93159
=651  \0$aNetherlands$1http://www.wikidata.org/entity/Q55$9173
=942  \\$cBOO
=952  \\$00$10$2ddc$40$6TOP_NL$70$8TOP$96610$aORPH$bORPH$cKTS0$d2020-07-08$eKoopman$i21E42$l0$oTOP NL$p20125442$r2021-01-12 00:00:00$w2021-01-12$yBOO$OKoopman
=999  \\$d6611

