=LDR  01036cam a2200253   4500
=001  6615
=005  20250120120225.0
=008  700225s1970\\\\ctu\\\\\\b\\\\001\0beng\\
=020  \\$a020800971X
=040  \\$aOI
=041  \\$aeng
=100  \\$aClarke, Jack A.$d1924-1999$910230$4aut
=245  10$aGabriel Naudé, 1600-1653
=260  \\$aHamden, CT$bArchon Books$c1970
=300  \\$a183 pages$c22 cm
=504  \\$aBibliography: p. 168-179.
=600  \0$aNaudé, Gabriel$d1600-1653$1http://www.wikidata.org/entity/Q710176$910231
=600  \0$aMazarin, Jules$d1602-1661$1http://www.wikidata.org/entity/Q166056$921957
=648  \0$a17th Century (1601-1700)$1http://www.wikidata.org/entity/Q7016$920923
=650  \0$aLibrary$1http://www.wikidata.org/entity/Q7075$94229
=651  \0$aFrance$1http://www.wikidata.org/entity/Q142$9131
=942  \\$cBOO
=952  \\$00$10$2ddc$40$6BIO_NAUD_D$70$8BIO$96614$aORPH$bORPH$cKTS1_P$d2020-07-08$eKoopman$i47E16$l1$oBIO NAUD d$p20123651$r2024-02-23 00:00:00$s2024-01-10$w2021-01-12$yBOO$OKoopman
=999  \\$d6615

