=LDR  01138cam a22002651  4500
=001  6617
=005  20250121142121.0
=008  740719s1972\\\\gw\\\\\\\\\\\\000\0\ger\\
=020  \\$a3921029090
=040  \\$aOI
=041  \\$ager
=100  \\$aClausen, Hans Dieter$910233
=245  10$aHändels Direktionspartituren$b(Handexemplare)
=260  \\$aHamburg$bVerlag der Musikalienhandlung$c1972
=300  \\$aviii-281 pages$billustrations$c21 cm
=490  \\$aHamburger Beiträge zur Musikwissenschaft$v7
=504  \\$aBibliography: p. 276-281.
=600  \0$aHandel, George Frideric$d1685-1759$1http://www.wikidata.org/entity/Q7302$94765
=648  \0$a18th Century (1701-1800)$1http://www.wikidata.org/entity/Q7015$920899
=650  \0$aManuscript$1http://www.wikidata.org/entity/Q87167$92275
=650  \0$aConducting$1http://www.wikidata.org/entity/Q6989196$92392
=651  \0$aLondon (United Kingdom)$1http://www.wikidata.org/entity/Q84$9123
=942  \\$cBOO
=952  \\$00$10$2ddc$40$6BIO_HAND_E$70$8BIO$96616$aORPH$bORPH$cKTS1_P$d2020-07-08$eKoopman$i32G8$l0$oBIO HAND e$p20122822$r2021-01-12 00:00:00$w2021-01-12$yBOO$OKoopman
=999  \\$d6617

