=LDR  01060cam a22002174a 4500
=001  6620
=005  20250926134854.0
=008  000720s1999\\\\ne\a\\\\\b\\\\001\0\ger\\
=020  \\$a9080516414 (alk. paper)
=040  \\$aOI
=100  \\$aClement, Albert$d1962-$1http://www.wikidata.org/entity/Q4709936$910237
=245  14$aDer dritte Teil der Clavierübung von Johann Sebastian Bach :$bMusik, Text, Theologie /$cAlbert Clement.
=260  \\$aMiddelburg :$bAlmaRes,$c1999.
=300  \\$axii, 450 p. :$bill. ;$c24 cm.
=504  \\$aIncludes bibliographical references (p. [435]-447) and index.
=600  \0$aBach, Johann Sebastian$d1685-1750$1http://www.wikidata.org/entity/Q1339$94766
=600  \0$aBach, Johann Sebastian$d1685-1750$1http://www.wikidata.org/entity/Q1339$94766
=600  \0$aBach, Johann Sebastian$d1685-1750$1http://www.wikidata.org/entity/Q1339$94766
=942  \\$cBOO
=952  \\$00$10$40$6BIO_BACH1_E$70$8BIO$96619$aORPH$bORPH$cKTS1_P$d2020-07-08$eKoopman$i23E16$oBIO BACH1 e$p20128940$r2021-01-12 00:00:00$w2021-01-12$yBOO$OKoopman
=999  \\$c6620$d6620

