=LDR  01091aam a2200229   4500
=001  6621
=005  20250926134854.0
=008  250626s2005\\\\||||||||\||||\00|\0ddut\d
=020  \\$a9069844664
=041  \\$adut
=100  \\$aClement, Albert$d1962-$1http://www.wikidata.org/entity/Q4709936$910237$4aut
=245  \\$aOver Bach, boeken en barbaren:$bmuziek in het wereldbeeld van de Duitse barok
=260  \\$aAmsterdam$bKNAW$c2005
=600  \0$aBach, Johann Sebastian$d1685-1750$1http://www.wikidata.org/entity/Q1339$94766
=648  \0$a17th Century (1601-1700)$1http://www.wikidata.org/entity/Q7016$920923
=648  \0$a18th Century (1701-1800)$1http://www.wikidata.org/entity/Q7015$920899
=650  \0$aCultural history$1http://www.wikidata.org/entity/Q858517$922395
=650  \0$aMusic history$1http://www.wikidata.org/entity/Q846047$921373
=651  \0$aGermany$1http://www.wikidata.org/entity/Q183$9155
=942  \\$cBOO
=952  \\$00$10$2ddc$40$6BIO_BACH1_E$70$8BIO$96620$aORPH$bORPH$cKTS1_P$d2020-07-08$eKoopman$i35C26$oBIO BACH1 e$p20120735$r2021-01-12 00:00:00$w2021-01-12$yBOO
=999  \\$d6621

