=LDR  01478aam a2200229   4500
=001  6622
=005  20251001162312.0
=008  230524s2017\\\\|||g||||\||||\00|\0\ger\d
=020  \\$a9783928412247
=041  \\$ager
=100  \\$aClement, Albert$d1962-$1http://www.wikidata.org/entity/Q4709936$4aut$910237
=245  \\$aDer Dritte Teil der Clavierübung von Johann Sebastian Bach:$bMusik - Text - Theologie
=260  \\$c2017$aBonn$bButz
=300  \\$a458 pages
=520  \\$aThe fundamental work on Johann Sebastian Bach's most extensive and important organ cycle with analyses and interpretations that are as captivating as they are surprising, written by Prof. Albert Clement, one of the leading international experts on questions of interdisciplinary connections between musicology, organ and theology.
The first edition of this standard work, published in the Netherlands, is now available in a slightly revised and expanded form in the Butz book programme.
=600  \0$1http://www.wikidata.org/entity/Q1339$aBach, Johann Sebastian$d1685-1750$94766
=650  \0$1http://www.wikidata.org/entity/Q1444$aOrgan$92810
=650  \0$1http://www.wikidata.org/entity/Q1544924$aMusical analysis$92775
=650  \0$1http://www.wikidata.org/entity/Q2092865$aMusic philosophy and aesthetics$921165
=942  \\$cBOO
=952  \\$00$10$40$6BIO_BACH1_E$70$8BIO$96621$aORPH$bORPH$cKTS1_P$d2020-07-08$eKoopman$i47E08$oBIO BACH1 e$p20123659$r2021-01-12 00:00:00$w2021-01-12$yBOO$OKoopman
=999  \\$d6622

