=LDR  01024acm a2200205   4500
=001  6624
=008  230918b\\\\\\\\|||||ld|\||||\00|\0\fre\d
=041  \\$afre
=100  \\$aClérambault, Louis-Nicolas$d1676-1749$4cmp$1http://www.wikidata.org/entity/Q470149$97049
=245  \\$aOrphée.$bCantate française à voix seule avec symphonie
=260  \\$aParis$bRouart, Lerolle & Cie.$cs.d.
=500  \\$aScore plus three parts (Flute allemande, Violon et Viola d'amour, Voix et Basse continue)
=600  \0$1http://www.wikidata.org/entity/$aOrpheus$911156
=648  \0$1http://www.wikidata.org/entity/Q7015$a18th Century (1701-1800)$920899
=650  \0$1http://www.wikidata.org/entity/Q174873$aCantata$921603
=650  \0$1http://www.wikidata.org/entity/Q9134$aMythology$921600
=651  \0$1http://www.wikidata.org/entity/Q142$aFrance$9131
=942  \\$cSCO
=952  \\$00$10$2ddc$40$6SCO_CLER$70$8SCO$96623$aORPH$bORPH$cKTS1_P$d2020-07-08$eKoopman$iWG.1665$l0$oSCO CLER$p20124322$r2021-01-12 00:00:00$w2021-01-12$ySCO$OW.1665
=999  \\$d6624

