=LDR  01104cam a22002535i 4500
=001  6630
=005  20250602124719.0
=008  130628s2011\\\\sp\\\\\\\c\\\\000\0\spa\\
=020  \\$a9788484843467
=040  \\$aOI
=041  \\$aspa
=100  \\$aCliment i Barber, José$4aut$99378
=245  13$aLa música de la Catedral de Valencia
=260  \\$aValencia$bAjuntament de València$c2011
=300  \\$a571 pages$c24 cm
=610  \0$aCatedral de Santa María de Valencia (Spain)$1http://www.wikidata.org/entity/Q1466926$924141
=650  \0$aMusic history$1http://www.wikidata.org/entity/Q846047$921373
=650  \0$aChurch music$1http://www.wikidata.org/entity/Q8812109$92283
=650  \0$aCatholicism$1http://www.wikidata.org/entity/Q1841$921631
=650  \0$aLibrary$1http://www.wikidata.org/entity/Q7075$94229
=651  \0$aValencia (Spain)$1http://www.wikidata.org/entity/Q8818$924140
=942  \\$cBOO
=952  \\$00$10$2ddc$40$6BIB_4_000000000000000_ES_VAL1$70$8BIB$96629$aORPH$bORPH$cKTS0$d2020-07-08$eKoopman$i43F10$l0$oBIB4 ES.VAL1$p20126471$r2021-01-12 00:00:00$w2021-01-12$yBOO$OKoopman
=999  \\$d6630

