=LDR  00955    a2200205   4500
=001  6631
=008  230913s1944\\\\be\a||||\||||\00|\0\fre\d
=041  \\$afre
=100  \\$aClosson, Ernest$d1870-1950$1http://www.wikidata.org/entity/Q27903961$917025
=245  \\$aHistoire du piano
=260  \\$c1944$aBrussels$bEditions Universitaires 
=300  \\$a173 pages
=610  \0$1http://www.wikidata.org/entity/Q336968$aConservatoire royal de musique (Brussels, Belgium)$91443
=648  \0$1http://www.wikidata.org/entity/Q192630$aPast$922196
=650  \0$1http://www.wikidata.org/entity/Q5994$aPiano$92127
=650  \0$1http://www.wikidata.org/entity/Q846047$aMusic history$921373
=650  \0$1http://www.wikidata.org/entity/Q52954$aKeyboard instrument$92849
=942  \\$cBOO
=952  \\$00$10$2ddc$40$6INS_3_000000000000000_3A$70$8INS$96630$aORPH$bORPH$cKTS0$d2020-07-08$eKoopman$i21B05$l0$oINS3.3a$p20128375$r2021-01-12 00:00:00$w2021-01-12$yBOO$OKoopman
=999  \\$d6631

