=LDR  00809aam a2200205   4500
=001  6634
=008  220614s1964\\\\-uk\||||\||||\00|\0\eng\d
=041  \\$aeng
=245  \\$aThe British Organ
=260  \\$aLondon$bBatsford$c1964
=300  \\$a320 pages
=650  \0$aOrgan$1http://www.wikidata.org/entity/Q1444$92810
=650  \0$aOrganology$1http://www.wikidata.org/entity/Q899293$921400
=650  \0$aMusic history$1http://www.wikidata.org/entity/Q846047$921373
=651  \0$aUnited Kingdom$1http://www.wikidata.org/entity/Q21$9273
=700  \\$4aut$aClutton, Cecil$910248
=700  \\$4aut$aNiland, Austin$919422
=942  \\$cBOO
=952  \\$00$10$2ddc$40$6INS_3_000000000000000_1A_GB$70$8INS$96633$aORPH$bORPH$cKTS0$d2020-07-08$eKoopman$i33D20$oINS3.1a GB$p20122729$r2021-01-12 00:00:00$w2021-01-12$yBOO
=999  \\$d6634

