=LDR  01069cam a2200241 a 4500
=001  6635
=005  20250120120031.0
=008  961213s1996\\\\gw\adg\\\bc\\\000\0dger\\
=020  \\$a3795713358
=040  \\$aOI
=100  \\$aBiermann, Joanna Cobb$910249
=245  14$aDie Sinfonien des Darmstädter Kapellmeisters Johann Samuel Endler 1694-1762 :$bein Beitrag zur Geschichte der Sinfonie /$cJoanna Cobb Biermann.
=260  \\$aMainz ;$aNew York :$bSchott,$cc1996.
=300  \\$a237 p. :$bill., chart, music ;$c25 cm.
=504  \\$aThematic catalog of the symphonies: p. 201-231.
=504  \\$aIncludes bibliographical references (p. 232-237).
=600  \0$aEndler, Johann Samuel,$d1694-1762$910250
=650  \0$aSymphony$1http://www.wikidata.org/entity/Q9734$92527
=942  \\$cBOO
=952  \\$00$10$2ddc$40$6BIO_ENDL_E$70$8BIO$96634$aORPH$bORPH$cKTS1_P$d2020-07-08$eKoopman$i44B03$l0$oBIO ENDL e$p20126709$r2021-01-12 00:00:00$w2021-01-12$yBOO$OKoopman
=999  \\$c6635$d6635
=490  \\$aBeiträge zur mittelrheinischen Musikgeschichte,
=490  \\$aSchott Musikwissenschaft

