=LDR  01067cam a2200229 a 4500
=001  6638
=008  940908s1995\\\\-usag\\\\bc\\\001\0\eng\\
=020  \\$a0815313829 (acid-free paper)
=041  \\$aeng
=100  \\$aCoelho, Victor$4aut$910253
=245  14$aThe Manuscript Sources of Seventeenth-Century Italian Lute Music 
=260  \\$aNew York $bGarland$c1995
=300  \\$axxix-711 pages$bill. $c24 cm.
=504  \\$aIncludes bibliographical references (p. 665-677) and indexes.
=648  \0$a17th Century (1601-1700)$1http://www.wikidata.org/entity/Q7016$920923
=650  \0$aLute$1http://www.wikidata.org/entity/Q180733$93944
=650  \0$aMusic history$1http://www.wikidata.org/entity/Q846047$921373
=651  \0$aItaly$1http://www.wikidata.org/entity/Q38$922
=856  \\$uhttp://www.loc.gov/catdir/enhancements/fy0652/94036302-d.html$3Publisher description
=942  \\$cBOO
=952  \\$00$10$2ddc$40$6INS_5_000000000000000_1D_COEL$70$8INS$96637$aORPH$bORPH$cKTS0$d2020-07-08$eKoopman$i34B18$oINS5.1d COEL$p20122599$r2021-01-12 00:00:00$w2021-01-12$yBOO
=999  \\$d6638

