=LDR  01243cam a2200253 i 4500
=001  6641
=008  800723s1979\\\\miu\\\\\\bc\\\000\0\eng\\
=020  \\$a0911772960
=041  \\$aeng
=245  00$aMusic in the Paris Academy of Sciences, 1666-1793:$ba source archive in photocopy at Stanford University. An index
=260  \\$aDetroit, MI$bInformation Coordinators$c1979
=300  \\$a69 pages$c24 cm
=490  0\$aDetroit studies in music bibliography$v43
=610  \0$aStanford University (California, USA)$1http://www.wikidata.org/entity/Q41506$924572
=610  \0$aAcadémie Royale des Sciences (Paris, France)$921938
=648  \0$a17th Century (1601-1700)$1http://www.wikidata.org/entity/Q7016$920923
=648  \0$a18th Century (1701-1800)$1http://www.wikidata.org/entity/Q7015$920899
=650  \0$aBibliography$1http://www.wikidata.org/entity/Q134995$93965
=651  \0$aParis (France)$1http://www.wikidata.org/entity/Q90$9160
=700  \\$aCohen, Albert$d1929-2019$4edt$921195
=700  \\$aMiller, Leta E.$4edt$922530
=942  \\$cBOO
=952  \\$00$10$2ddc$40$6TOP_FR_PAR_5_000000000000000$70$8TOP$96640$aORPH$bORPH$cKTS0$d2020-07-08$eKoopman$i30F08$l0$oTOP FR.PAR 5$p20123321$r2021-01-12 00:00:00$w2021-01-12$yBOO$OKoopman
=999  \\$d6641

