=LDR  01982aam a2200205   4500
=001  6643
=008  240710s2002\\\\|||a||||\||||\|0|\0\eng\d
=020  \\$a2-9509342-5-0
=041  \\$aeng
=100  \\$aOrlando, Susan$927554$4edt
=245  \\$aThe Italian Viola da Gamba.$bProceedings of the International Symposium on the Italian Viola da Gamba - Magnano, Italy, 29 April-1 May 2000
=260  \\$aSolignac$bEnsemble Baroque de Limoges$aTurin$bManzoni$c2002
=300  \\$a223 pages
=505  \\$gEarly evidence of the viola da gamba in Italy / Renato Meucci
'Wherein the most complete harmony was heard' : the viola da gamba in chromatic and enharmonic music in seventeenth-century Rome / Martin Kirnbauer
Monteverdi, the viola bastarda player / James Bates
An eighteenth-century Italian treatise and other clues to the history of the viola da gamba in Italy / Vittorio Ghielmi
The viola da gamba in Cremona / Carlo Chiesa
Problems of authenticity in sixteenth-century Italian viols and the Brussels collection / Karel Moens
The viola bastarda and the art of improvising / Paolo Pandolfo
Italian instruments in a list of extant viols made before 1900 / Thomas G. MacCracken
Violin traits in Italian viol building, rule or exception? / Myrna Herzog
Real gut strings : some new experiments in historical stringing / Oliver Webber
The system and proportions of barring on viols / Luc Breton
A study of three viols attributed to Antonio Ciciliano / Simone Zopf
The 'Antonio Ciciliano à Venetia' viol in the Accademia filharmonica of Bologna / Marco Tiella
=650  \0$aViola da gamba$1http://www.wikidata.org/entity/Q96066477$93955
=651  \0$aItaly$1http://www.wikidata.org/entity/Q38$922
=700  \\$aCoin, Christophe$1http://www.wikidata.org/entity/Q1086303$4win$919136
=942  \\$cBOO
=952  \\$00$10$2ddc$40$6INS_4_000000000000000_5A_ORLA$70$8INS$96642$aORPH$bORPH$cKTS0$d2020-07-08$eKoopman$i46A29$l0$oINS4.5a ORLA$p20127568$r2021-01-12 00:00:00$w2021-01-12$yBOO$OKoopman
=999  \\$d6643

