=LDR  02000aam a2200241   4500
=001  6644
=008  230524s1955\\\\||||||||\||||\00|\0\fre\d
=041  \\$afre
=100  \\$aCoincy, Gautier de$1http://www.wikidata.org/entity/Q5356$910260$4aut
=245  \\$aDeux miracles de la sainte Vierge;$bLes 150 Ave du chevalier amoureux et Le sacristain noyé
=260  \\$aUppsala$bAlmqvist & Wiksells$c1955
=500  \\$aThe Miracles of Our Lady or miracles of the Blessed Virgin is a collection of dramatic miracle stories about the Virgin Mary written by Gautier de Coinci (1177-1236).
=500  \\$aThese stories, often inspired by Latin models, would in turn inspire a number of authors, including those of dramatic miracles, such as Rutebeuf's Le Miracle de Théophile, or those of Marian songs, such as the Cantigas de Santa Maria, attributed to Alfonso X the Wise (king of Castile and León in the thirteenth century).
=520  \\$aThe Miracles of Our Lady by Gautier de Coinci, in 30,000 octosyllabic verses with flat rhymes, were written between 1218 and 1233; they are accounts of miracles with the same narrative scheme: the hero stands out for his veneration for the Virgin Mary; he succumbs to sin, but eventually repents and his devotion to Mary ensures his salvation. The poem was copied and illuminated in numerous manuscripts (48 are preserved today, in all 84 manuscripts have been identified).
=600  \0$aVirgin Mary$cSaint$1http://www.wikidata.org/entity/Q345$913732
=648  \0$aMiddle Ages (500-1400)$1http://www.wikidata.org/entity/Q12554$920964
=650  \0$aMystery play$1http://www.wikidata.org/entity/Q240911$940265
=650  \0$aNew Testament$1http://www.wikidata.org/entity/Q18813$924596
=651  \0$aFrance$1http://www.wikidata.org/entity/Q142$9131
=700  \\$aRankka, E.$4edt$940761
=942  \\$cBOO
=952  \\$00$10$2ddc$40$6LIT_COIN_A$70$8LIT$96643$aORPH$bORPH$cKM12_2_H$d2020-07-08$eKoopman$i43D06$oLIT COIN a$p20126528$r2021-01-12 00:00:00$w2021-01-12$yBOO
=999  \\$d6644

