=LDR  00466    a2200133   4500
=001  6645
=041  \\$aeng$adut
=100  \\$aCok, Kathryn$916189
=245  \\$aBasso Continuo Sources from the Dutch Republic c.1620-1790
=260  \\$c2011$aLeiden
=300  \\$a208 pages
=942  \\$cDIS$2ddc
=952  \\$00$10$2ddc$40$6MTP_2_000000000000000_COK$70$8MTP$96644$aORPH$bORPH$cKM12_1$d2020-07-08$eKoopman$i41E18$l0$oMTP 2 COK$p20122094$r2021-01-12 00:00:00$w2021-01-12$yDIS
=999  \\$c6645$d6645

