=LDR  01263pam a2200277 a 4500
=001  6646
=005  20250121142121.0
=008  930428s1993\\\\enkaghj\\b\\\\001\0deng\\
=020  \\$a0198162995 :$c£35.00
=040  \\$aOI
=041  \\$aeng
=100  \\$aBest, Terence$4edt$910264
=245  00$aHandel Collections and Their History
=260  \\$aOxford$bClarendon Press$aNew York$bOxford University Press$c1993
=300  \\$axvii-252 pages$billustrations, music, facsimiles, general tables$c24 cm
=600  \0$aHandel, George Frideric$d1685-1759$1http://www.wikidata.org/entity/Q7302$94765
=648  \0$a18th Century (1701-1800)$1http://www.wikidata.org/entity/Q7015$920899
=650  \0$aComposer$1http://www.wikidata.org/entity/Q36834$93625
=650  \0$aLegacy$1http://www.wikidata.org/entity/Q623282$922131
=650  \0$aCollecting$1http://www.wikidata.org/entity/Q208165$92117
=651  \0$aGermany$1http://www.wikidata.org/entity/Q183$9155
=651  \0$aLondon (United Kingdom)$1http://www.wikidata.org/entity/Q84$9123
=700  \\$aTrowell, Brian$4win$927269
=942  \\$cBOO
=952  \\$00$10$2ddc$40$6BIO_HAND_E$70$8BIO$96645$aORPH$bORPH$cKTS1_P$d2020-07-08$eKoopman$i21A35$oBIO HAND e$p20128309$r2021-01-12 00:00:00$w2021-01-12$yBOO$OKoopman
=999  \\$d6646

