=LDR  00843    a2200205   4500
=001  6647
=008  220614s1970\\\\|||h||||\||||\00|\0\eng\d
=041  \\$aeng
=100  \\$aColchester, L. S.$4aut$910265
=245  \\$aA Short History of the Organs
=260  \\$c1970$aSomerset$bSt. Andrew's Press
=300  \\$a11 pages
=336  \\$aprinted
=610  \0$aWells Cathedral (United Kingdom)$1http://www.wikidata.org/entity/Q519614$924359
=650  \0$aOrgan$1http://www.wikidata.org/entity/Q1444$92810
=650  \0$aOrganology$1http://www.wikidata.org/entity/Q899293$921400
=651  \0$aUnited Kingdom$1http://www.wikidata.org/entity/Q21$9273
=942  \\$cBOO
=952  \\$00$10$2ddc$40$6INS_3_000000000000000_1E_GB_WEL$70$8INS$96646$aORPH$bORPH$cKTS0$d2020-07-08$eKoopman$i24D23$oINS3.1e GB.WEL$p20129115$r2021-01-12 00:00:00$w2021-01-12$yBOO
=999  \\$d6647

