=LDR  01322cam a22002894a 4500
=001  6648
=005  20250120120235.0
=008  080317s2007\\\\it\a\\\\\b\\\\001\0deng\d
=010  \\$a  2008363770
=020  \\$a9788822257048 :$c48.00 EUR
=040  \\$aOI
=041  0\$aeng$aita
=100  \\$aCole, Janie$4aut$910266
=245  12$aA Muse of Music in Early Baroque Florence:$bThe Poetry of Michelangelo Buonarroti il giovane
=260  \\$aFlorence$bOlschki$c2007
=300  \\$axiii-389 pages$bill.$c25 cm
=490  1\$aQuaderni / Fondazione Carlo Marchi$v33
=504  \\$aIncludes bibliographical references (p. 355-374) and indexes.
=546  \\$aText in English with poems by Michelangelo Buonarroti in Italian.
=600  \0$aMichelangelo$d1568-1646$xCriticism and interpretation.$1http://www.wikidata.org/entity/Q1930983$910268
=648  \0$a17th Century (1601-1700)$1http://www.wikidata.org/entity/Q7016$920923
=650  \0$aLiterature$1http://www.wikidata.org/entity/Q8242$94439
=650  \0$aMusic history$1http://www.wikidata.org/entity/Q846047$921373
=651  \0$aFlorence (Italy)$1http://www.wikidata.org/entity/Q2044$9248
=942  \\$cBOO
=952  \\$00$10$2ddc$40$6BIO_BUON_D$70$8BIO$96647$aORPH$bORPH$cKTS1_P$d2020-07-08$eKoopman$i25C25$oBIO BUON d$p20129231$r2021-01-12 00:00:00$w2021-01-12$yBOO
=999  \\$d6648

