=LDR  00359    a2200109   4500
=001  6650
=100  \\$aCollet, Henri$d1885-1951$910269
=245  \\$aVictoria
=260  \\$c1914
=942  \\$cBOO
=952  \\$00$10$2ddc$40$6BIO_VICT_D$70$8BIO$96649$aORPH$bORPH$cKTS1_P$d2020-07-08$eKoopman$i32G20$l0$oBIO VICT d$p20122805$r2021-01-12 00:00:00$w2021-01-12$yBOO$OKoopman
=999  \\$c6650$d6650

