=LDR  00910cam a2200229 a 4500
=001  6651
=005  20251003085456.0
=008  941213s1996\\\\-us\\\\\\b\\\\001\0\eng\\
=020  \\$a0253209749 (pbk.)
=041  \\$aeng
=245  12$aA Catalog of Music for the Cornett 
=260  \\$aBloomington $bIndiana University Press$c1996
=300  \\$a212 pages$c24 cm.
=490  \\$aPublications of the Early Music Institute
=504  \\$aIncludes indexes.
=650  \0$aCornett$1http://www.wikidata.org/entity/Q204638$92420
=650  \0$aCatalogue$1http://www.wikidata.org/entity/Q2352616$921484
=700  \\$aDickey, Bruce$d1948-$4aut$1http://www.wikidata.org/entity/Q3070571$910271
=700  \\$aCollver, Michael$4aut$910270
=942  \\$cBOO
=952  \\$00$10$2ddc$40$6INS_7_000000000000000_1A$70$8INS$96650$aORPH$bORPH$cKTS0$d2020-07-08$eKoopman$i21D41$oINS7.1a$p20128261$r2021-01-12 00:00:00$w2021-01-12$yBOO
=999  \\$d6651

