=LDR  01149    a2200241   4500
=001  6652
=008  210709r19831776\\\|||||\||||\00|\0\eng\d
=041  \\$aeng
=100  \\$aCollier, Joel$d1740-1787$4aut$1http://www.wikidata.org/entity/Q24249978$95239
=245  \\$aMusical Travels through England
=260  \\$aLondon$bKearsly$c1983
=490  \\$aEarly Music Facsimiles
=500  \\$aFacsimile of the 1776 edition, see 03G20-2 and 05F14
=500  \\$aSatire on Charles Burney's musical travels
=600  \0$aBurney, Charles$d1726-1814$1http://www.wikidata.org/entity/Q547002$910020
=648  \0$a18th Century (1701-1800)$1http://www.wikidata.org/entity/Q7015$920899
=650  \0$aTravel$1http://www.wikidata.org/entity/Q61509$94440
=650  \0$aSatire$1http://www.wikidata.org/entity/Q128758$921636
=650  \0$aMusic history$1http://www.wikidata.org/entity/Q846047$921373
=651  \0$aUnited Kingdom$1http://www.wikidata.org/entity/Q21$9273
=942  \\$cBOO
=952  \\$00$10$2ddc$40$6TOP_GB_5_000000000000000$70$8TOP$96651$aORPH$bORPH$cKTS0$d2020-07-08$eKoopman$i19A57$l0$oTOP GB 5$p20125124$r2021-01-12 00:00:00$w2021-01-12$yBOO
=999  \\$c6652$d6652

