=LDR  02148cam a22003254a 4500
=001  6653
=005  20251001162312.0
=008  041122t20052004enkg\\\\\b\\\\001\0\eng\\
=041  \\$aeng
=100  \\$aCollins, Paul$d1965-$4aut$910273
=245  14$aThe Stylus Phantasticus and Free Keyboard Music of the North German Baroque
=260  \\$aAldershot, Hants$aBurlington, VT$bAshgate$c2005
=300  \\$axv-229 pages
=504  \\$aIncludes bibliographical references (p. [210]-224) and index.
=505  0\$gClassifications of musical style during the seventeenth and early eighteenth centuries -- Kircher's musurgia universalis (1650) and the stylus phantasticus -- The stylus phantasticus in eighteenth-century writings : Janovka, Brossard, Mattheson, Walther, and Grassineau -- The origins of the stylus phantasticus and the style's relationship to rhetoric -- The free keyboard works of the North German organ school and the stylus phantasticus
=600  \0$aKircher, Athanasius$d1602-1680$1http://www.wikidata.org/entity/Q76738$97040
=600  \0$aBrossard, Sébastien de$d1655-1730$1http://www.wikidata.org/entity/Q1026865$99920
=600  \0$aMattheson, Johann$d1681-1764$1http://www.wikidata.org/entity/Q170333$95222
=600  \0$aWalther, Johann Gottfried$d1684-1748$1http://www.wikidata.org/entity/Q61716$915404
=600  \0$aGrassineau, James$dc. 1715-1769$1http://www.wikidata.org/entity/Q72937179$95522
=648  \0$a17th Century (1601-1700)$1http://www.wikidata.org/entity/Q7016$920923
=648  \0$a18th Century (1701-1800)$1http://www.wikidata.org/entity/Q7015$920899
=650  \0$aKeyboard music$1http://www.wikidata.org/entity/Q105715630$921412
=650  \0$aOrgan$1http://www.wikidata.org/entity/Q1444$92810
=650  \0$aMusic philosophy and aesthetics$1http://www.wikidata.org/entity/Q2092865$921165
=650  \0$aMusical style$1http://www.wikidata.org/entity/Q11921029$92421
=651  \0$aGermany$1http://www.wikidata.org/entity/Q183$9155
=942  \\$cBOO
=952  \\$00$10$2ddc$40$6INS_3A_DE$70$8INS$96652$aORPH$bORPH$cKTS0$d2020-07-08$eKoopman$i35C14$oINS3a DE$p20120741$r2021-01-12 00:00:00$w2021-01-12$yBOO
=999  \\$d6653

