=LDR  01104aam a2200241   4500
=001  6654
=005  20251023163331.0
=008  251023s1981\\\\|||afo||\b|||\00|\0\ita\d
=041  \\$aita
=100  \\$aColombo, S.$910274$4aut
=245  \\$aL'arte del legno e del mobile in Italia
=260  \\$c1981$aBusto Arsizio$bBramante
=300  \\$a335 pages
=590  \\$aMobili, rivestimenti,decorazioni, tarsie dal medievo al XIX secolo
=648  \0$aRenaissance (1400-1600)$1http://www.wikidata.org/entity/Q4692$920965
=648  \0$a17th Century (1601-1700)$1http://www.wikidata.org/entity/Q7016$920923
=648  \0$a18th Century (1701-1800)$1http://www.wikidata.org/entity/Q7015$920899
=648  \0$a19th Century (1801-1900)$1http://www.wikidata.org/entity/Q6955$920935
=650  \0$aApplied arts$1http://www.wikidata.org/entity/Q2865882$921627
=651  \0$aItaly$1http://www.wikidata.org/entity/Q38$922
=942  \\$cBOO
=952  \\$00$10$2ddc$40$6TOP_IT_4_000000000000000$70$8TOP$96653$aORPH$bORPH$cKTS0$d2020-07-08$eKoopman$i25F26$l0$oTOP IT 4$p20129405$r2021-01-12 00:00:00$w2021-01-12$yBOO$OKoopman
=999  \\$d6654

