=LDR  01427cam a2200277 a 4500
=001  6655
=008  921204r19911618it\ah\\\\b\\\\001\0\mul\\
=041  0\$aita$deng
=100  \\$aColonna, Fabio$d1567-1650$1http://www.wikidata.org/entity/Q1390516$4aut$910275
=245  13$aLa Sambuca lincea,$bovero dell'istromento musico perfetto
=260  \\$aLucca$bLibreria Musicale Italiana$c1991
=300  \\$alxxi, 116 pages$bill. $c21 cm
=490  \\$aMusurgiana $v24
=504  \\$aIncludes bibliographical references (p. [lxix]-lxxi) and index.
=590  \\$acon annotazioni critiche manoscritte di Scipione Stella (1618-22); a cura di Patrizio Barbieri.
=648  \0$a17th Century (1601-1700)$1http://www.wikidata.org/entity/Q7016$920923
=650  \0$aHarpsichord$1http://www.wikidata.org/entity/Q81982$92125
=650  \0$aOrganology$1http://www.wikidata.org/entity/Q899293$921400
=650  \0$aKeyboard instrument$1http://www.wikidata.org/entity/Q52954$92849
=650  \0$aMusic theory$1http://www.wikidata.org/entity/Q193544$92662
=651  \0$1http://www.wikidata.org/entity/Q38$aItaly$922
=700  \\$aStella, Scipione$dapproximately 1558-1622$910276$4cmm
=700  \\$aBarbieri, Patrizio$d?-2024$4edt$910277
=942  \\$cBOO
=952  \\$00$10$2ddc$40$6INS_3_000000000000000_2C_COLO$70$8INS$96654$aORPH$bORPH$cKTS0$d2020-07-08$eKoopman$i19F02$l0$oINS3.2c COLO$p20125268$r2021-01-12 00:00:00$w2021-01-12$yBOO$OKoopman
=999  \\$d6655

