=LDR  01022    a2200229   4500
=001  6657
=005  20251003085456.0
=008  211019s1969\\\\-ukao|||\||||\00|\0\eng\d
=041  \\$aeng
=100  \\$aColt, Charles F.$d1911-1985$4aut$910279
=245  \\$aThe Colt Clavier Collection.$bSilver Jubilee 1944-1969
=260  \\$aEngland$bOne Crown$c[1969]
=300  \\$a27 pages
=500  \\$aSee also C. F. Colt, 'Early pianos: Their history and character', Early Music, 1/1 (1974), 27-33
=650  \0$aHarpsichord$1http://www.wikidata.org/entity/Q81982$92125
=650  \0$aKeyboard instrument$1http://www.wikidata.org/entity/Q52954$92849
=650  \0$aPiano$1http://www.wikidata.org/entity/Q5994$92127
=650  \0$aCatalogue$1http://www.wikidata.org/entity/Q2352616$921484
=651  \0$aUnited Kingdom$1http://www.wikidata.org/entity/Q21$9273
=942  \\$cBOO
=952  \\$00$10$2ddc$40$6INS_3A_COLT$70$8INS$96656$aORPH$bORPH$cKTS0$d2020-07-08$eKoopman$i32G37$oINS3a COLT$p20130323$r2021-01-12 00:00:00$w2021-01-12$yBOO
=999  \\$d6657

