=LDR  01365aam a2200277   4500
=001  6658
=005  20250929120356.0
=008  220920s1981\\\\|||oa|||\b|||\00|\0\eng\d
=041  \\$aeng
=100  \\$aColvin, H. M.$4aut$910280
=245  \\$aThe Sheldonian Theatre and the Divinity School
=260  \\$aOxford$bOxford University Press$c1981
=300  \\$a[25] pages
=610  \0$aSheldonian Theatre (Oxford, United Kingdom)$1http://www.wikidata.org/entity/Q83874$924983
=610  \0$aUniversity of Oxford (United Kingdom)$1http://www.wikidata.org/entity/Q34433$923329
=610  \0$aDivinity School (Oxford)$1http://www.wikidata.org/entity/Q5284397$941403
=650  \0$aEducation$1http://www.wikidata.org/entity/Q8434$926206
=650  \0$aArchitecture$1http://www.wikidata.org/entity/Q12271$93185
=650  \0$aInterior design$1http://www.wikidata.org/entity/Q179232$921367
=650  \0$aFine art$1http://www.wikidata.org/entity/Q219625$921579
=650  \0$aTeaching$1http://www.wikidata.org/entity/Q352842$923444
=650  \0$aConcert$1http://www.wikidata.org/entity/Q182832$921044
=651  \0$aOxford (United Kingdom)$1http://www.wikidata.org/entity/Q34217$922237
=942  \\$cBOO
=952  \\$00$10$2ddc$40$6TOP_GB_OXF$70$8TOP$96657$aORPH$bORPH$cKTS0$d2020-07-08$eKoopman$i21A19$l0$oTOP GB.OXF$p20128325$r2021-01-12 00:00:00$w2021-01-12$yBOO$OKoopman
=999  \\$d6658

