=LDR  00735aam a2200181   4500
=001  6659
=008  220512s1984\\\\||||||||\||||\00|\0\ita\d
=041  \\$aita
=100  \\$aComisso, Giovanni$4edt$910281
=245  \\$aAgenti segreti di Venezia (1705-1797)
=260  \\$aMilan$bLonganesi$c1984
=490  \\$aIl Cammeo$v76
=648  \0$a18th Century (1701-1800)$1http://www.wikidata.org/entity/Q7015$920899
=650  \0$aCuckoo$1http://www.wikidata.org/entity/Q18845$922474
=651  \0$aVenice (Italy)$1http://www.wikidata.org/entity/Q641$91
=942  \\$cBOO
=952  \\$00$10$2ddc$40$6TOP_IT_VEN1_5_000000000000000$70$8TOP$96658$aORPH$bORPH$cKTS0$d2020-07-08$eKoopman$i20C19$oTOP IT.VEN1 5$p20128095$r2021-01-12 00:00:00$w2021-01-12$yBOO
=999  \\$d6659

