=LDR  01501pam a2200337 a 4500
=001  6660
=005  20250925143257.0
=008  921029s1993\\\\orua\\\\\bk\\\001\0beng\\
=020  \\$a0931340608
=040  \\$aOI
=041  \\$aeng
=100  \\$aCone, John Frederick$910282$4aut
=245  10$aAdelina Patti:$bQueen of Hearts
=260  \\$aPortland, OR$bAmadeus Press$c1993
=300  \\$axxi-400 pages$billustrations$c24 cm
=490  \\$aOpera Biography Series$v4
=504  \\$aIncludes bibliographical references (p. 284-304) and index.
=504  \\$aDiscography: p. 313-316.
=590  \\$aby John Frederick Cone ; chronology by Thomas G. Kaufman ; discography by William R. Moran.
=600  \0$aPatti, Adelina$d1843-1919$1http://www.wikidata.org/entity/Q234166$910283
=648  \0$a19th Century (1801-1900)$1http://www.wikidata.org/entity/Q6955$920935
=648  \0$a20th Century (1901-2000)$1http://www.wikidata.org/entity/Q6927$920936
=650  \0$aSinger$1http://www.wikidata.org/entity/Q177220$93915
=650  \0$aFemale$1http://www.wikidata.org/entity/Q6581072$921764
=650  \0$aOpera$1http://www.wikidata.org/entity/Q1344$92468
=650  \0$aBiography$1http://www.wikidata.org/entity/Q36279$91927
=700  \\$aKaufman, Thomas G.$910284$4ctb
=700  \\$aMoran, William R.$910285$4ctb
=942  \\$cBOO
=952  \\$00$10$2ddc$40$6BIO_PATT_D$70$8BIO$96659$aORPH$bORPH$cKTS1_P$d2020-07-08$eKoopman$i23E43$oBIO PATT d$p20128921$r2021-01-12 00:00:00$w2021-01-12$yBOO$OKoopman
=999  \\$d6660

