=LDR  00387    a2200109   4500
=001  6662
=100  \\$aConstantin, L.$4cmp$910287
=245  \\$aCourantes en branles voor een mel
=260  \\$c1977
=942  \\$cSCO
=952  \\$00$10$2ddc$40$6SCO_MISC_RASC$70$8SCO$96661$aORPH$bORPH$cKTS1_P$d2020-07-08$eKoopman$iW178-V$l0$oSCO MISC RASC$p20145829$r2021-01-12 00:00:00$w2021-01-12$ySCO$OW.0178-V
=999  \\$c6662$d6662

