=LDR  00876aam a2200205   4500
=001  6664
=008  250211s1970\\\\|||a||||\||||\00|\0dita\d
=041  \\$aita
=245  \\$aL'opera completa di Simone Martini
=260  \\$c1970$aMilan$bRizzoli
=490  \\$aClassici dell'arte
=600  10$aMartini, Simone$d1283-1344$1http://www.wikidata.org/entity/Q221043$939684
=648  \0$aMiddle Ages (500-1400)$1http://www.wikidata.org/entity/Q12554$920964
=650  \0$aFine art$1http://www.wikidata.org/entity/Q219625$921579
=650  \0$aCatholicism$1http://www.wikidata.org/entity/Q1841$921631
=651  \0$aItaly$1http://www.wikidata.org/entity/Q38$922
=700  \\$4aut$910289$aContini, G.
=942  \\$cBOO
=952  \\$00$10$2ddc$40$6BIO_MART4_C$70$8BIO$96663$aORPH$bORPH$cKTS1_P$d2020-07-08$eKoopman$i35F25$oBIO MART4 c$p20122467$r2021-01-12 00:00:00$w2021-01-12$yBOO$OKoopman
=999  \\$d6664

