=LDR  01016pam a2200265 a 4500
=001  6667
=005  20251003085456.0
=008  880831s1988\\\\enk\\\\\\bc\\\001\0\eng\\
=010  \\$a   88008396 
=020  \\$a0720119790 :$c$72.00 (U.S.)
=040  \\$aOI
=041  \\$aeng
=100  \\$aCoover, James$d1925-2004$4edt$923751
=245  10$aAntiquarian Catalogues of Musical Interest
=260  \\$aLondon$aNew York$bMansell$c1988
=300  \\$axxxi-372 pages$c24 cm
=500  \\$aIncludes indexes.
=504  \\$aBibliography: p. xxv-xxviii.
=650  \0$aBibliography$1http://www.wikidata.org/entity/Q134995$93965
=650  \0$aCatalogue$1http://www.wikidata.org/entity/Q2352616$921484
=650  \0$aBook$1http://www.wikidata.org/entity/Q571$92285
=650  \0$aTranslation$1http://www.wikidata.org/entity/Q7553$92492
=942  \\$cBOO
=952  \\$00$10$2ddc$40$6BIB_3_000000000000000_COOV$70$8BIB$96666$aORPH$bORPH$cKTS0$d2020-07-08$eKoopman$i30B24$oBIB3 COOV$p20123403$r2021-01-12 00:00:00$w2021-01-12$yBOO
=999  \\$d6667

