=LDR  00744aam a2200181   4500
=001  6668
=008  231129s1991\\\\nl\af|||\||||\00|\0\dut\d
=041  \\$adut
=100  \\$aCoppens, Chris$4aut$939245
=245  \\$aDe prijs is het bewijs:$bVier Eeuwen prijsboeken
=260  \\$c1991$aLeuven$bCentrale Bibliotheek K.U. Leuven
=300  \\$a228 pages
=650  \0$aPrize book$1http://www.wikidata.org/entity/Q7246538$925382
=650  \0$aBibliophilia$1http://www.wikidata.org/entity/Q214719$921630
=700  \\$aStorm van Leeuwen, Jan$4win$915097
=942  \\$cBOO
=952  \\$00$10$2ddc$40$6BIB_2_000000000000000_COPP$70$8BIB$96667$aORPH$bORPH$cKTS0$d2020-07-08$eKoopman$i42D02$l0$oBIB2 COPP$p20122065$r2021-01-12 00:00:00$w2021-01-12$yBOO$OKoopman
=999  \\$d6668

