=LDR  01020    a2200205   4500
=001  6669
=008  220502s1949\\\\||||||||\||||\00|\0\dut\d
=041  \\$adut
=100  \\$aCoppens, M.$4aut$910294
=245  \\$aKoorbanken in Nederland:$bGothiek
=260  \\$aAmsterdam$bElsevier$c1948
=648  \0$aMiddle Ages (500-1400)$1http://www.wikidata.org/entity/Q12554$920964
=650  \0$aChurch$1http://www.wikidata.org/entity/Q16970$93776
=650  \0$aInterior design$1http://www.wikidata.org/entity/Q179232$921367
=650  \0$aApplied arts$1http://www.wikidata.org/entity/Q2865882$921627
=651  \0$aNetherlands$1http://www.wikidata.org/entity/Q55$9173
=942  \\$cBOO
=952  \\$00$10$2ddc$3I$40$6TOP_NL_3_000000000000000$70$8TOP$96668$aORPH$bORPH$cKTS0$d2020-07-08$eKoopman$i34C10$oTOP NL 3$p20122577$r2021-01-12 00:00:00$w2021-01-12$yBOO
=952  \\$00$10$2ddc$3II$40$6TOP_NL_3_000000000000000$70$8TOP$96669$aORPH$bORPH$cKTS0$d2020-07-08$eKoopman$i34C11$oTOP NL 3$p20122576$r2021-01-12 00:00:00$w2021-01-12$yBOO
=999  \\$d6669

