=LDR  01130cam a22002534a 4500
=001  6676
=005  20250605144201.0
=008  090708s2008\\\\be\h\\\\\bc\\\001\0\fre\\
=020  \\$a9789052014807
=040  \\$aOI
=041  \\$afre
=100  \\$aCornaz, Marie$4aut$910300
=245  14$aLes éditions musicales publiées à Bruxelles au XVIIIe siècle (1706-1794).$bCatalogue descriptif et illustré
=260  \\$aBrussels$bLang$c2008
=300  \\$a321 pages$bfacs.$c22 cm.
=490  0\$aCollection "Études de musicologie"$x2031-2431$v2
=504  \\$aIncludes bibliographical references and indexes.
=648  \0$a18th Century (1701-1800)$1http://www.wikidata.org/entity/Q7015$920899
=650  \0$aMusic printing$1http://www.wikidata.org/entity/Q64416036$94007
=650  \0$aMusic publishing company$1http://www.wikidata.org/entity/Q1917775$927716
=651  \0$aBrussels (Belgium)$1http://www.wikidata.org/entity/Q239$937
=942  \\$cBOO
=952  \\$00$10$2ddc$40$6BIB_4_000000000000000_BE_BRU1$70$8BIB$96675$aORPH$bORPH$cKTS0$d2020-07-08$eKoopman$i25C21$l0$oBIB4 BE.BRU1$p20129235$r2021-01-12 00:00:00$w2021-01-12$yBOO
=999  \\$d6676

