=LDR  01579aam a2200313   4500
=001  6677
=005  20250925143257.0
=008  230323s2002\\\\|||ao|||\||||\00|\0ddut\d
=020  \\$a9782804607050
=041  \\$adut
=100  \\$aCornaz, M.$910301$4aut
=245  \\$aDe Prinsen van Chimay en de muziek:$bEen familie van muziekliefhebbers, 16de-20ste eeuw
=260  \\$aTournai$bLa Renaissance du Livre$c2002
=300  \\$a271 pages
=648  \0$a16th Century (1501-1600)$1http://www.wikidata.org/entity/Q7017$920944
=648  \0$a17th Century (1601-1700)$1http://www.wikidata.org/entity/Q7016$920923
=648  \0$a18th Century (1701-1800)$1http://www.wikidata.org/entity/Q7015$920899
=648  \0$a19th Century (1801-1900)$1http://www.wikidata.org/entity/Q6955$920935
=648  \0$a20th Century (1901-2000)$1http://www.wikidata.org/entity/Q6927$920936
=650  \0$aPatronage$1http://www.wikidata.org/entity/Q214092$94245
=650  \0$aCollecting$1http://www.wikidata.org/entity/Q208165$92117
=650  \0$aMusic history$1http://www.wikidata.org/entity/Q846047$921373
=650  \0$aCastle$1http://www.wikidata.org/entity/Q23413$92088
=650  \0$aNobility$1http://www.wikidata.org/entity/Q134737$93602
=650  \0$aPerformance$1http://www.wikidata.org/entity/Q6942562$926223
=651  \0$aChimay (Belgium)$1http://www.wikidata.org/entity/Q95380$925927
=942  \\$cBOO
=952  \\$00$10$2ddc$40$6TOP_BE_CHI_4_000000000000000$70$8TOP$96676$aORPH$bORPH$cKTS0$d2020-07-08$eKoopman$i43C03$l0$oTOP BE.CHI 4$p20127206$r2021-01-12 00:00:00$w2021-01-12$yBOO$OKoopman
=999  \\$d6677

