=LDR  01306aam a2200253   4500
=001  6678
=005  20251003085456.0
=008  241210s1830\\\\|||f||||\||||\00|\0\fre\d
=041  \\$afre
=100  \\$aCornette, A. H.$4aut$910302
=245  \\$aLa peinture à l'Exposition d'Art Flamand à Anvers 1930
=260  \\$c1930$aBrussels$aParis$bLibrairie Nationale d'Art et d'Histoire
=300  \\$a24 pages - 40 plates
=610  \0$aKoninklijk Museum voor Schone Kunsten Antwerp (Belgium)$1http://www.wikidata.org/entity/Q1471477$91773
=648  \0$a15th Century (1401-1500)$1http://www.wikidata.org/entity/Q7018$921015
=648  \0$a16th Century (1501-1600)$1http://www.wikidata.org/entity/Q7017$920944
=648  \0$a17th Century (1601-1700)$1http://www.wikidata.org/entity/Q7016$920923
=650  \0$aFine art$1http://www.wikidata.org/entity/Q219625$921579
=650  \0$aCatalogue$1http://www.wikidata.org/entity/Q2352616$1http://www.wikidata.org/entity/Q6941730$921484
=650  \0$aExhibition$1http://www.wikidata.org/entity/Q464980$925353
=651  \0$aFlanders (Belgium)$1http://www.wikidata.org/entity/Q234$989
=942  \\$cBOO
=952  \\$00$10$2ddc$40$6TOP_BE_FLA$70$8TOP$96677$aORPH$bORPH$cKTS0$d2020-07-08$eKoopman$i18C29$l0$oTOP BE.FLA$p20127074$r2021-01-12 00:00:00$w2021-01-12$yBOO$OKoopman
=999  \\$d6678

