=LDR  00370    a2200109   4500
=001  6679
=100  \\$aCorredor, J. M.$910303
=245  \\$aConversations avec Pablo Casals
=260  \\$c1955
=942  \\$cBOO
=952  \\$00$10$2ddc$40$6BIO_CASA_B$70$8BIO$96678$aORPH$bORPH$cKTS1_P$d2020-07-08$eKoopman$i41A13$oBIO CASA b$p20120204$r2021-01-12 00:00:00$w2021-01-12$yBOO$OKoopman
=999  \\$c6679$d6679

