=LDR  00966aam a2200229   4500
=001  6680
=005  20250925143257.0
=008  220617s1954\\\\||||||||\||||\00|\0dger\d
=041  \\$ager
=100  \\$aCorredor, J. M.$4ivr$910303
=245  \\$aGespräche mit Casals
=260  \\$aBern$bScherz$c1954
=500  \\$aCopy signed by Casals
=648  \0$a20th Century (1901-2000)$1http://www.wikidata.org/entity/Q6927$920936
=650  \0$aInstrumentalist$1http://www.wikidata.org/entity/Q1278335$921706
=650  \0$aCello$1http://www.wikidata.org/entity/Q8371$92688
=650  \0$aConductor$1http://www.wikidata.org/entity/Q158852$93134
=651  \0$aSpain$1http://www.wikidata.org/entity/Q29$920983
=700  \\$4ive$aCasals, Pablo$d1876-1973$1http://www.wikidata.org/entity/Q208537$924426
=942  \\$cBOO
=952  \\$00$10$2ddc$40$6BIO_CASA_B$70$8BIO$96679$aORPH$bORPH$cKTS1_P$d2020-07-08$eKoopman$i33F02$oBIO CASA b$p20120915$r2021-01-12 00:00:00$w2021-01-12$yBOO
=999  \\$d6680

