=LDR  01031aam a2200241   4500
=001  6681
=005  20250918090457.0
=008  211105r17351978fr\h||||\||||\00|\0\fre\d
=041  \\$afre
=100  \\$aCorrette, Michel$d1707-1795$4aut$1http://www.wikidata.org/entity/Q982378$97384
=245  \\$aMethode de la flute traversière
=246  \1$aMéthode de la flûte traversière
=260  \\$aBuren$bKnuf$c1978
=300  \\$a51 pages
=490  \\$aThe Flute Library
=648  \0$a18th Century (1701-1800)$1http://www.wikidata.org/entity/Q7015$920899
=650  \0$aFlute$1http://www.wikidata.org/entity/Q11405$921276
=650  \0$aMethod$1http://www.wikidata.org/entity/Q2250960$921402
=651  \0$aFrance$1http://www.wikidata.org/entity/Q142$9131
=700  \\$4win$aNastasi, Mirjam$1http://www.wikidata.org/entity/Q1938226$922721
=942  \\$cBOO
=952  \\$00$10$2ddc$40$6INS_6_000000000000000_2C_CORR$70$8INS$96680$aORPH$bORPH$cKTS0$d2020-07-08$eKoopman$i20D15$oINS6.2c CORR$p20125319$r2021-01-12 00:00:00$w2021-01-12$yBOO
=999  \\$d6681

