=LDR  01703aam a2200289   4500
=001  6682
=005  20251003085456.0
=008  240427s1936\\\\|||a||||\bc||\00|\0\fre\d
=041  \\$afre
=100  \\$aCortot, Alfred$d1877-1962$1http://www.wikidata.org/entity/Q116057$4col$95836
=245  \\$aBibliothèque Alfred Cortot, Première partie. Théorie de la musique :$bTraités & autres ouvrages théoriques des XVe, XVIe, XVIIe & XVIIIe siècles
=260  \\$aArgenteuil$c1936
=300  \\$a212 pages
=561  \\$aNo. 99 (of 300 copies)
=590  \\$aCatalogue établi par Alfred Cortot et rédigé par Frederik Goldbeck avec la colloboration de A. Fehr. Préface de Henry Prunières. La rédaction de ce catalogue a été entreprise avec l'appui de la Société de Musicologie.
=600  \0$aCortot, Alfred$d1877-1962$1http://www.wikidata.org/entity/Q116057$95836
=650  \0$aBibliography$1http://www.wikidata.org/entity/Q134995$93965
=650  \0$aCatalogue$1http://www.wikidata.org/entity/Q2352616$921484
=650  \0$aCollecting$1http://www.wikidata.org/entity/Q208165$92117
=650  \0$aLibrary$1http://www.wikidata.org/entity/Q7075$94229
=650  \0$aPianist$1http://www.wikidata.org/entity/Q486748$92959
=650  \0$aMusic theory$1http://www.wikidata.org/entity/Q193544$92662
=700  \\$aGoldbeck, Frederik$d1902-1981$1http://www.wikidata.org/entity/Q22121253$4edt$940284
=700  \\$aPrunières, Henry$d1886-1942$1http://www.wikidata.org/entity/Q3133019$4win$916453
=942  \\$cBOO
=952  \\$00$10$2ddc$40$6BIB_4_000000000000000_FR_CORT$70$8BIB$96681$aORPH$bORPH$cKTS0$d2020-07-08$eKoopman$i34A05$l0$oBIB4 FR CORT$p20122657$r2021-01-12 00:00:00$w2021-01-12$yBOO$OKoopman
=999  \\$d6682

