=LDR  00401    a2200121   4500
=001  6683
=020  \\$a8712768006
=100  \\$aCorvinius, J.M.$910307
=245  \\$aHeptachordum Danicum seu Nova Sol
=260  \\$c1646
=942  \\$cBOO
=952  \\$00$10$2ddc$40$6BIO_RAVN_E$70$8BIO$96682$aORPH$bORPH$cKTS1_P$d2020-07-08$eKoopman$h37A16-1$oBIO RAVN e$p20120620$r2021-01-12 00:00:00$w2021-01-12$yBOO$OKoopman
=999  \\$c6683$d6683

