=LDR  00787aam a2200181   4500
=001  6686
=008  211001b\\\\\\\\\\\|||||\||||\00|\f\dut\d
=041  \\$adut
=100  \\$aCouperus, Louis$d1863-1923$4aut$1http://www.wikidata.org/entity/Q437798$96263
=245  \\$aEline Vere.$bEen Haagse roman
=260  \\$aAmsterdam$bvan Kampen$cs.d.
=534  \\$aOriginally published in 1889
=648  \0$a19th Century (1801-1900)$1http://www.wikidata.org/entity/Q6955$920935
=650  \0$aNovel$1http://www.wikidata.org/entity/Q8261$921629
=651  \0$aThe Hague (Netherlands)$1http://www.wikidata.org/entity/Q36600$910
=942  \\$cBOO
=952  \\$00$10$2ddc$40$6LIT_COUP_A$70$8LIT$96685$aORPH$bORPH$cKM12_2_H$d2020-07-08$eKoopman$i40G07$oLIT COUP a$p20122256$r2021-01-12 00:00:00$w2021-01-12$yBOO
=999  \\$d6686

