=LDR  00952    a2200205   4500
=001  6687
=008  211001b\\\\\\\\||||||||\||||\00|\f\dut\d
=041  \\$adut
=100  \\$aCouperus, Louis$d1863-1923$4aut$1http://www.wikidata.org/entity/Q437798$96263
=245  \\$aMajesteit
=260  \\$aAmsterdam$bVeen$cs.d.
=300  \\$a2 vols.
=534  \\$aOriginally published in 1889
=648  \0$a19th Century (1801-1900)$1http://www.wikidata.org/entity/Q6955$920935
=650  \0$aNovel$1http://www.wikidata.org/entity/Q8261$921629
=651  \0$aNetherlands$1http://www.wikidata.org/entity/Q55$9173
=942  \\$cBOO
=952  \\$00$10$2ddc$3deel 1$40$6LIT_COUP_A$70$8LIT$96686$aORPH$bORPH$cKM12_2_H$d2020-07-08$eKoopman$i43E05$oLIT COUP a$p20127155$r2021-01-12 00:00:00$w2021-01-12$yBOO
=952  \\$00$10$2ddc$3deel 2$40$6LIT_COUP_A$70$8LIT$96687$aORPH$bORPH$cKM12_2_H$d2020-07-08$eKoopman$i43E06$oLIT COUP a$p20127154$r2021-01-12 00:00:00$w2021-01-12$yBOO
=999  \\$d6687

