=LDR  00767aam a2200193   4500
=001  6689
=005  20250925143257.0
=008  231222b\\\\\\\\||||||||\||||\00|\f\\\\\d
=041  \\$adut
=100  \\$aCouperus, Louis$d1863-1923$1http://www.wikidata.org/entity/Q437798$4aut$96263
=245  \\$aWereldvrede
=260  \\$aAmsterdam$bVeen$cs.d.
=561  \\$aEx libris Laura Dobbenga
=648  \0$a20th Century (1901-2000)$1http://www.wikidata.org/entity/Q6927$920936
=650  \0$aNovel$1http://www.wikidata.org/entity/Q8261$921629
=651  \0$aNetherlands$1http://www.wikidata.org/entity/Q55$9173
=942  \\$cBOO
=952  \\$00$10$2ddc$40$6LIT_COUP_A$70$8LIT$96688$aORPH$bORPH$cKM12_2_H$d2020-07-08$eKoopman$oLIT COUP a$p20127153$r2021-01-12 00:00:00$w2021-01-12$yBOO
=999  \\$d6689

