=LDR  01317aam a2200253   4500
=001  6691
=008  250120r19771877||||||||\||||\00|\0\mul\d
=041  \\$afre$aeng
=100  \\$aKing, A. Hyatt$d1911-1995$913716$4edt
=245  \\$aCatalogue of the music library of Charles Edmond Henri de Coussemaker, sold at Brussels 1877
=260  \\$c1977$aBuren$bKnuf
=300  \\$a208 pages
=490  \\$aAuction Catalogues of Music$v4
=500  \\$afacsimile edition of the 1877 auction catalogue, annotated with prices and buyers names
=600  \0$aCoussemaker, Edmond de$d1805-1876$1http://www.wikidata.org/entity/Q1240856$97828
=648  \0$a19th Century (1801-1900)$1http://www.wikidata.org/entity/Q6955$920935
=650  \0$aCollecting$1http://www.wikidata.org/entity/Q208165$92117
=650  \0$aLibrary$1http://www.wikidata.org/entity/Q7075$94229
=650  \0$aAuction$1http://www.wikidata.org/entity/Q177923$93849
=651  \0$aBrussels (Belgium)$1http://www.wikidata.org/entity/Q239$937
=765  \\$aCatalogue de la Bibliothèque et des Instruments de Musique de feu M. Ch. Edm. H. de Coussemaker ...
=942  \\$cBOO
=952  \\$00$10$2ddc$40$6BIB_4_000000000000000_BE_COUS$70$8BIB$96690$aORPH$bORPH$cKTS0$d2020-07-08$eKoopman$i35C13$l0$oBIB4 BE COUS$p20120742$r2021-01-12 00:00:00$w2021-01-12$yBOO$OKoopman
=999  \\$d6691

