=LDR  00384    a2200121   4500
=001  6693
=020  \\$a9066370106
=100  \\$aCouvreur, Manuel$910315
=245  \\$aDiderot 1713-1784
=260  \\$c1984
=942  \\$cBOO
=952  \\$00$10$2ddc$40$6BIO_DIDE_C$70$8BIO$96692$aORPH$bORPH$cKTS1_P$d2020-07-08$eKoopman$i44C04$oBIO DIDE c$p20126667$r2021-01-12 00:00:00$w2021-01-12$yBOO$OKoopman
=999  \\$c6693$d6693

