=LDR  01567cam a2200337 a 4500
=001  6694
=005  20250120120344.0
=008  930112s1992\\\\be\acg\\\b\\\\001\0\fre\\
=020  \\$a2870120052
=040  \\$aOI
=041  \\$afre
=100  \\$aCouvreur, Manuel$4aut$910315
=245  10$aJean-Baptiste Lully :$bmusique et dramaturgie au service du Prince
=260  \\$aBrussels$bVokar$c1992
=300  \\$a454 pages$billustrations, portraits, music$c25 cm
=490  \\$aLa Musique et son temps
=504  \\$aIncludes bibliographical references (p. [411]-433) and index.
=600  \0$aLully, Jean-Baptiste$d1632-1687$1http://www.wikidata.org/entity/Q1192$95867
=610  \0$aChâteau de Versailles (France)$1http://www.wikidata.org/entity/Q2946$920958
=610  \0$aOpéra (Paris, France)$1http://www.wikidata.org/entity/Q283339$920898
=648  \0$a17th Century (1601-1700)$1http://www.wikidata.org/entity/Q7016$920923
=650  \0$aComposer$1http://www.wikidata.org/entity/Q36834$93625
=650  \0$aBallet$1http://www.wikidata.org/entity/Q41425$94412
=650  \0$aOpera$1http://www.wikidata.org/entity/Q1344$92468
=650  \0$aBiography$1http://www.wikidata.org/entity/Q36279$91927
=650  \0$aCourt$922191
=651  \0$aVersailles (France)$1http://www.wikidata.org/entity/Q621$920957
=651  \0$aParis (France)$1http://www.wikidata.org/entity/Q90$9160
=942  \\$cBOO
=952  \\$00$10$2ddc$40$6BIO_LULL_D$70$8BIO$96693$aORPH$bORPH$cKTS1_P$d2020-07-08$eKoopman$i44G07$oBIO LULL d$p20126874$r2021-01-12 00:00:00$w2021-01-12$yBOO$OKoopman
=999  \\$d6694

