=LDR  01354    a2200265   4500
=001  6695
=005  20250926134854.0
=008  220126s1989\\\\|||gd|||\m|||\00|\0\eng\d
=041  \\$aeng
=100  \\$aCowdery, William Warren$4aut$910319
=245  \\$aThe Early Vocal Works of Johann Sebastian Bach:$bStudies in Style, Scoring, and Chronology
=260  \\$aIthaca, NY$bCornell University$c1989
=300  \\$ax-356 pages$eLetters, 10 folios
=500  \\$aDissertation
=561  \\$aEx libris Alfred Dürr, whose annotations are preserved, as well as correspondence with the author from the Summer of 1990
=600  \0$aBach, Johann Sebastian$d1685-1750$1http://www.wikidata.org/entity/Q1339$94766
=648  \0$a18th Century (1701-1800)$1http://www.wikidata.org/entity/Q7015$920899
=650  \0$aVocal music$1http://www.wikidata.org/entity/Q685884$93319
=650  \0$aMusical analysis$1http://www.wikidata.org/entity/Q1544924$92775
=650  \0$aInstrumentation$1http://www.wikidata.org/entity/Q617028$923032
=651  \0$aMühlhausen (Germany)$1http://www.wikidata.org/entity/Q14925$923289
=651  \0$aWeimar (Germany)$1http://www.wikidata.org/entity/Q3955$921645
=942  \\$cBOO
=952  \\$00$10$2ddc$40$6BIO_BACH1_E$70$8BIO$96694$aORPH$bORPH$cKTS1_P$d2020-07-08$eKoopman$i34D12$oBIO BACH1 e$p20120860$r2021-01-12 00:00:00$w2021-01-12$yBOO
=999  \\$d6695

