=LDR  01413pam a2200277 a 4500
=001  6696
=008  890417s1989\\\\nyug\\\\\bc\\\000\0\eng\\
=041  \\$aeng
=100  \\$aCox, Geoffrey$d-1951$4aut$910320
=245  10$aOrgan Music in Restoration England.$bA Study of Sources, Styles, and Influences 
=260  \\$aNew York $bGarland$c1989
=300  \\$a2 voll (563+272 pages)$bmusic $c24 cm
=336  \\$aprinted
=490  \\$aOutstanding dissertations in music from British universities
=504  \\$aBibliography: v. 1, p. [537]-563.
=648  \0$a17th Century (1601-1700)$1http://www.wikidata.org/entity/Q7016$920923
=650  \0$aOrgan music$1http://www.wikidata.org/entity/Q2003283$91951
=650  \0$aMusic$92062
=650  \0$aOrgan music$1http://www.wikidata.org/entity/Q2003283$91951
=650  \0$aOrganology$1http://www.wikidata.org/entity/Q899293$921400
=650  \0$aMusic history$1http://www.wikidata.org/entity/Q846047$921373
=651  \0$aUnited Kingdom$1http://www.wikidata.org/entity/Q21$9273
=942  \\$cBOO
=952  \\$00$10$2ddc$3Vol. 1$40$6INS_3_000000000000000_1A_GB$70$8INS$96695$aORPH$bORPH$cKTS0$d2020-07-08$eKoopman$i37F07-I$oINS3.1a GB$p20120497$r2021-01-12 00:00:00$w2021-01-12$yBOO
=952  \\$00$10$2ddc$3Vol. 2$40$6INS_3_000000000000000_1A_GB$70$8INS$96696$aORPH$bORPH$cKTS0$d2020-07-08$eKoopman$i37F07-II$oINS3.1a GB$p20120496$r2021-01-12 00:00:00$w2021-01-12$yBOO
=999  \\$d6696

