=LDR  01446cam a2200277 i 4500
=001  6699
=005  20250120120249.0
=008  790518r19791799nyucfg\\\bc\\\000\0ceng\\
=020  \\$a0306795124 :$c$19.50
=040  \\$aOI
=100  \\$aCoxe, William,$d1747-1828.$910322
=245  10$aAnecdotes of George Frederick Handel and John Christopher Smith /$cby William Coxe ; with select pieces of music composed by J. C. Smith ; with a new introd. by Percy M. Young.
=260  \\$aNew York :$bDa Capo Press,$c1979.
=300  \\$a145 p. in various pagings, [1] leaf of plates :$bports., music ;$c27 cm.
=490  0\$aDa Capo Press music reprint series
=504  \\$aBibliography: p. [xxix]-xxx.
=504  \\$a"Works by John Christopher Smith": p. [xxi]-xxxii.
=600  \0$aSmith, John Christopher$d1683-1763$1http://www.wikidata.org/entity/Q11727869$910324
=600  \0$aHandel, George Frideric$d1685-1759$1http://www.wikidata.org/entity/Q7302$94765
=650  \0$aComposer$1http://www.wikidata.org/entity/Q36834$93625
=650  \0$aOratorio$1http://www.wikidata.org/entity/Q85477$91825
=650  \0$aOpera$1http://www.wikidata.org/entity/Q1344$92468
=700  \2$aSmith, John Christopher$d1683-1763$1http://www.wikidata.org/entity/Q11727869$910324
=942  \\$cBOO
=952  \\$00$10$2ddc$40$6BIO_HAND_E$70$8BIO$96698$aORPH$bORPH$cKTS1_P$d2020-07-08$eKoopman$i32E28$oBIO HAND e$p20122839$r2021-01-12 00:00:00$w2021-01-12$yBOO$OKoopman
=999  \\$c6699$d6699

