=LDR  00945    a2200217   4500
=001  6700
=008  220613s1988\\\\-ukg||||\||||\00|\0\eng\d
=041  \\$aeng
=100  \\$aCoyle, Grady E.$4aut$910326
=245  \\$aThe Eighteenth-Century English Organ Concerto after Handel.$bA Survey
=260  \\$c1988$aMichigan$bUniversity of Illinois
=300  \\$a128 pages
=336  \\$aprinted
=648  \0$a18th Century (1701-1800)$1http://www.wikidata.org/entity/Q7015$920899
=650  \0$aOrganology$1http://www.wikidata.org/entity/Q899293$921400
=650  \0$aOrgan$1http://www.wikidata.org/entity/Q1444$92810
=650  \0$aMusic history$1http://www.wikidata.org/entity/Q846047$921373
=651  \0$aUnited Kingdom$1http://www.wikidata.org/entity/Q21$9273
=942  \\$cBOO
=952  \\$00$10$2ddc$40$6INS_3_000000000000000_1D_GB$70$8INS$96699$aORPH$bORPH$cKTS0$d2020-07-08$eKoopman$i20F26$oINS3.1d GB$p20128124$r2021-01-12 00:00:00$w2021-01-12$yBOO
=999  \\$d6700

