=LDR  02384aam a2200229   4500
=001  6702
=008  230509r20001796||||||||\||||\00|\0\dut\d
=041  \\$adut$hlat
=100  1\$aCras, Henrik Constantijn$d1739-1820$1http://www.wikidata.org/entity/Q1605025$4aut$98221
=245  \\$aDe alleronaangenaamste arbeid uit welke de ziel weinig voedzel trekt:$bde Præfatio van Mr. Hendrik Constantijn Cras tot zijn Catalogus Bibliothecæ Publicæ Amstelædamensis (1796)
=260  \\$c2000$aAmsterdam$bVossiuspers
=300  \\$a40 pages
=520  \\$aHendrik Constantijn Cras, renowned professor of law, was appointed librarian of the Athenaeum Illustre in 1785. This library was in deplorable condition at the time, and Cras was given the task of continuing the restoration work of his suddenly deceased predecessor Verheyk. Verheyk had already ensured that the building was restored, had the chains removed from the books and had new bookcases manufactured, with bars against thieves. Cras then arranged and described the library's book holdings with the help of booksellers Petrus den Hengst and Wedelmeyer.

In doing so, he took an innovative approach. For instance, he was the first to decide to give the main titles of serial works a spine number, instead of the partial titles. He placed the books in alphabetical order within the usual subject division and then divided them into three sections according to format. He also did away with books in open display. A lending desk was introduced.

In order to convince the city council of Amsterdam of the need to open up more to the public and to increase the number of books in the future, Cras had his Catalogus Bibliotheca preceded by an extensive preface with a sketch of the history of the library since the fifteenth century.
=648  \0$1http://www.wikidata.org/entity/Q7015$a18th Century (1701-1800)$920899
=650  \0$1http://www.wikidata.org/entity/Q7075$aLibrary$94229
=650  \0$1http://www.wikidata.org/entity/Q5891$aPhilosophy$92357
=651  \0$1http://www.wikidata.org/entity/Q727$aAmsterdam (Netherlands)$9135
=700  1\$4trl$926158$aHeesakkers, Chris L.
=700  1\$4win$926159$aVisser, Piet$d1949-
=942  \\$cBOO
=952  \\$00$10$2ddc$40$6BIB_1_000000000000000_NL_AMS_CRAS$70$8BIB$96701$aORPH$bORPH$cKTS0$d2020-07-08$eKoopman$l0$oBIB1 NL.AMS CRAS$p20126456$r2021-01-12 00:00:00$w2021-01-12$yBOO$OKoopman
=999  \\$d6702

