=LDR  00968aam a2200181   4500
=001  6708
=008  250618s1978\\\\||||||||\||||\00|\0\dut\d
=041  \\$adut
=100  \\$aCroiset van Uchelen, A. R. A.$1http://www.wikidata.org/entity/Q4025318$914854$4aut
=245  \\$aNederlandse schrijfmeesters uit de zeventiende eeuw.$bTentoonstelling 16 juni tot en met 19 augustus 1978
=260  \\$aThe Hague$bRijksmuseum Meermanno-Westreenianum$c1978
=648  \0$a17th Century (1601-1700)$1http://www.wikidata.org/entity/Q7016$920923
=650  \0$aWriter$1http://www.wikidata.org/entity/Q36180$93885
=650  \0$aExhibition$1http://www.wikidata.org/entity/Q464980$925353
=651  \0$aNetherlands$1http://www.wikidata.org/entity/Q55$1http://www.wikidata.org/entity/Q29999$9173
=942  \\$cBOO
=952  \\$00$10$2ddc$40$6TOP_NL_5_000000000000000$70$8TOP$96707$aORPH$bORPH$cKTS0$d2020-07-08$eKoopman$i30B22$l0$oTOP NL 5$p20123405$r2021-01-12 00:00:00$w2021-01-12$yBOO$OKoopman
=999  \\$d6708

