=LDR  01052cam a2200253 a 4500
=001  6709
=005  20250120120155.0
=008  880725s1987\\\\au\ach\\\b\\\\001\0bger\\
=020  \\$a3701402434
=040  \\$aOI
=100  \\$aCroll, Gerhard$d1927-2019$910332
=245  10$aJohann Michael Haydn :$bsein Leben, sein Schaffen, seine Zeit /$cGerhard Croll, Kurt Vössing.
=260  \\$aWien :$bNeff,$cc1987.
=300  \\$a208 p. :$bill., ports., facsims. ;$c31 cm.
=504  \\$aBibliography: p. 189-192.
=600  \0$aHaydn, Michael$d1737-1806$1http://www.wikidata.org/entity/Q490381$910333
=650  \0$aComposer$1http://www.wikidata.org/entity/Q36834$93625
=700  \\$aVössing, Kurt$910334
=740  0\$aJoh. Michael Haÿdn.
=942  \\$cBOO
=952  \\$00$10$2ddc$40$6BIO_HAYD2_D$70$8BIO$96708$aORPH$bORPH$cKTS1_P$d2020-07-08$eKoopman$i32B24$oBIO HAYD2 d$p20122942$r2021-01-12 00:00:00$w2021-01-12$yBOO
=999  \\$c6709$d6709
=651  \0$aAustria$1http://www.wikidata.org/entity/Q40$9202
=650  \0$aBiography$1http://www.wikidata.org/entity/Q36279$91927

