=LDR  01016cam a22002411  4500
=001  6712
=005  20250120115959.0
=008  760712s1972\\\\ne\\\\\\\b\\\\000\0\dut\\
=015  \\$aNe72-15
=020  \\$a9027435464 :$cfl 4.50
=040  \\$aOI
=100  \\$aHeijden, Marcel van der$d1931-$1http://www.wikidata.org/entity/Q2236308$910337
=245  10$aAl ziet men de lui ...$bBlijspel uit de 16e en de 17e eeuw.$c[Samenstelling, inleiding en toelichting van M.C.A. van der Heijden.
=260  \\$aUtrecht,$bHet Spectrum,$c1972].
=300  \\$a358 p.$c19 cm.
=490  0\$aSpectrum van de Nederlandse letterkunde$v12
=490  0\$aPrisma-boeken
=504  \\$aBibliography: p. 355-356.
=650  \0$aPlay (theater)$1http://www.wikidata.org/entity/Q25379$921414
=942  \\$cBOO
=952  \\$00$10$2ddc$40$6LIT_HEIJ_A$70$8LIT$96711$aORPH$bORPH$cKM12_2_H$d2020-07-08$eKoopman$i40H04$oLIT HEIJ a$p20122217$r2021-01-12 00:00:00$w2021-01-12$yBOO
=999  \\$c6712$d6712
=651  \0$aNetherlands$1http://www.wikidata.org/entity/Q55$9173

