=LDR  00369    a2200109   4500
=001  6713
=100  \\$aCrusius, M.$910338
=245  \\$aDiarium Martini Crusii 1600-1605
=260  \\$c1958
=942  \\$cBOO
=952  \\$00$10$2ddc$40$6BIO_CRUS_A$70$8BIO$96712$aORPH$bORPH$cKTS1_P$d2020-07-08$eKoopman$i46C32-1$oBIO CRUS a$p20127630$r2021-01-12 00:00:00$w2021-01-12$yBOO$OKoopman
=999  \\$c6713$d6713

