=LDR  01139nam a2200265 a 4500
=001  6714
=005  20250926134854.0
=008  941116s1994\\\\gw\a\\\\\b\\\\000\0\ger\\
=020  \\$a3875372603
=040  \\$aOI
=100  \\$aCsiba, Gisela$910339
=245  14$aDie Blechblasinstrumente in Johann Sebastian Bachs Werken /$cGisela Csiba und Jozsef Csiba.
=260  \\$aKassel :$bMerseburger,$c1994.
=300  \\$a152 p. :$bill. ;$c21 cm.
=504  \\$aIncludes bibliography (p. 147-151).
=650  \0$aBrass instrument$1http://www.wikidata.org/entity/Q180744$92439
=650  \0$aMusic$92062
=600  \0$aBach, Johann Sebastian$d1685-1750$1http://www.wikidata.org/entity/Q1339$94766
=700  \\$aCsiba, Jozsef$910340
=942  \\$cBOO
=952  \\$00$10$2ddc$40$6BIO_BACH1_E$70$8BIO$96713$aORPH$bORPH$cKTS1_P$d2020-07-08$eKoopman$i22D62$oBIO BACH1 e$p20128418$r2021-01-12 00:00:00$w2021-01-12$yTYPE_UNK
=999  \\$c6714$d6714
=651  \0$aGermany$1http://www.wikidata.org/entity/Q183$9155
=648  \0$a18th Century (1701-1800)$1http://www.wikidata.org/entity/Q7015$920899
=650  \0$aMusic history$1http://www.wikidata.org/entity/Q846047$921373

