=LDR  02072cam a2200325 i 4500
=001  6716
=005  20251103142259.0
=008  761122s1976\\\\mauacf\\\bc\\\000\0\eng\|
=020  \\$a0904454029 :
=040  \\$aOI
=041  \\$aeng
=100  \\$aCudworth, Charles$d1908-1977$1http://www.wikidata.org/entity/Q18670940$4edt$914620
=245  00$aItalian Music and the Fitzwilliam:$bA Collection of Essays and a Catalogue of an Exhibition of Italian Music in the Fitzwilliam Museum in May 1976 on the Occasion of Four Concerts of Italian Music
=260  \\$aCambridge$bFitzwilliam Museum$c1976
=300  \\$a48 pages, [4] pages of plates$billustrations, portraits$c25 cm
=504  \\$aIncludes bibliographies.
=505  \\$gFitzwilliam and the Italian Style / Charles Cudworth -- Viscount Fitzwilliam and the English 'Scarlatti Sect' / Gerald Gifford -- Frescobaldi on performance / Chr. Hogwood -- The Fitzwilliam Museum harpsichord / Trevor Beckerleg -- Catalogue of the Exhibition -- Programmes of concerts
=610  \0$aFitzwilliam Museum (Cambridge, United Kingdom)$1http://www.wikidata.org/entity/Q1421440$91388
=648  \0$a17th Century (1601-1700)$1http://www.wikidata.org/entity/Q7016$920923
=648  \0$a18th Century (1701-1800)$1http://www.wikidata.org/entity/Q7015$920899
=648  \0$a20th Century (1901-2000)$1http://www.wikidata.org/entity/Q6927$920936
=650  \0$aMusic history$1http://www.wikidata.org/entity/Q846047$921373
=650  \0$aCatalogue$1http://www.wikidata.org/entity/Q2352616$1http://www.wikidata.org/entity/Q6941730$921484
=650  \0$aExhibition$1http://www.wikidata.org/entity/Q464980$925353
=650  \0$aConcert$1http://www.wikidata.org/entity/Q182832$921044
=651  \0$aItaly$1http://www.wikidata.org/entity/Q38$922
=700  \\$aHogwood, Christopher$d1941-2014$1http://www.wikidata.org/entity/Q435198$4ctb$918287
=942  \\$cBOO
=952  \\$00$10$2ddc$40$6TOP_IT_5_000000000000000$70$8TOP$96715$aORPH$bORPH$cKTS0$d2020-07-08$eKoopman$i23F04$l0$oTOP IT 5$p20128911$r2021-01-12 00:00:00$w2021-01-12$yBOO$OKoopman
=999  \\$d6716

