=LDR  01619aam a2200289   4500
=001  6717
=008  240322s1974\\\\||||||||\||||\00|\0ceng\d
=041  \\$aeng
=245  \\$aHandel and the Fitzwilliam
=260  \\$aCambridge$bFitzwilliam Museum$c1974
=590  \\$aA collection of essays and a catalogue of an exhibition of Handeliana in the Fitzwilliam Museum in May and June 1974 on the occasion of three concerts of the Music of Händel and some of his Contemporaries
=600  \0$aHandel, George Frideric$d1685-1759$1http://www.wikidata.org/entity/Q7302$94765
=610  \0$aFitzwilliam Museum (Cambridge, United Kingdom)$1http://www.wikidata.org/entity/Q1421440$91388
=648  \0$a18th Century (1701-1800)$1http://www.wikidata.org/entity/Q7015$920899
=650  \0$aMusic history$1http://www.wikidata.org/entity/Q846047$921373
=650  \0$aComposer$1http://www.wikidata.org/entity/Q36834$93625
=650  \0$aBiography$1http://www.wikidata.org/entity/Q36279$91927
=651  \0$aCambridge (United Kingdom)$1http://www.wikidata.org/entity/Q350$924595
=700  \\$aCudworth, Charles$d1908-1977$1http://www.wikidata.org/entity/Q18670940$4aut$914620
=700  \\$aHicks, Anthony$4aut$921513
=700  \\$aRadcliffe, P.$4aut$913401
=700  \\$aDean, Winton$d1916-2013$4aut$910409
=700  \\$aHogwood, Christopher$d1941-2014$1http://www.wikidata.org/entity/Q435198$4aut$918287
=700  \\$aKerslake, J.$4aut$927199
=942  \\$cBOO
=952  \\$00$10$2ddc$40$6BIO_HAND_E$70$8BIO$96716$aORPH$bORPH$cKTS1_P$d2020-07-08$eKoopman$i23F22$oBIO HAND e$p20128682$r2021-01-12 00:00:00$w2021-01-12$yBOO$OKoopman
=999  \\$d6717

