=LDR  01747aam a2200313   4500
=001  6718
=005  20251003085456.0
=008  240308s1975\\\\|||f||||\c|||\00|\e\eng\d
=041  \\$aeng
=100  \\$aCudworth, Charles$d1908-1977$1http://www.wikidata.org/entity/Q18670940$4aut$914620
=245  \\$aFrench Music and the Fitzwilliam
=260  \\$aCambridge$bFitzwilliam Museum$c1975
=300  \\$a56 pages
=590  \\$aA collection of essays and a catalogue of an exhibition of French Music in the Fitzwilliam museum in May and June 1975 on the occasion of two concerts of French Music
=610  \0$aFitzwilliam Museum (Cambridge, United Kingdom)$1http://www.wikidata.org/entity/Q1421440$91388
=648  \0$a17th Century (1601-1700)$1http://www.wikidata.org/entity/Q7016$920923
=648  \0$a18th Century (1701-1800)$1http://www.wikidata.org/entity/Q7015$920899
=650  \0$aLibrary$1http://www.wikidata.org/entity/Q7075$94229
=650  \0$aManuscript$1http://www.wikidata.org/entity/Q87167$92275
=650  \0$aCatalogue$1http://www.wikidata.org/entity/Q2352616$1http://www.wikidata.org/entity/Q6941730$921484
=650  \0$aBagpipes$1http://www.wikidata.org/entity/Q8347$922455
=650  \0$aViola da gamba$1http://www.wikidata.org/entity/Q51446928$93955
=650  \0$aHarpsichord$1http://www.wikidata.org/entity/Q81982$92125
=650  \0$aSonata$1http://www.wikidata.org/entity/Q131269$921653
=650  \0$aExhibition$1http://www.wikidata.org/entity/Q464980$925353
=651  \0$aFrance$1http://www.wikidata.org/entity/Q142$9131
=942  \\$cBOO
=952  \\$00$10$2ddc$40$6TOP_FR_5_000000000000000$70$8TOP$96717$aORPH$bORPH$cKTS0$d2020-07-08$eKoopman$i23F23$l0$oTOP FR 5$p20128681$r2021-01-12 00:00:00$w2021-01-12$yBOO$OKoopman
=999  \\$d6718

