=LDR  01237aab a2200229   4500
=001  6719
=005  20251003085456.0
=008  250224s1953\\\\||||||||\c|||\00|\0\eng\d
=100  \\$aCudworth, Charles$d1908-1977$1http://www.wikidata.org/entity/Q18670940$914620$4aut
=245  \\$aThematic Index of English Eighteenth-Century Overtures and Symphonies
=260  \\$aLondon$bRoyal Musical Association$c1953
=300  \\$aix-9-xxxv pages$bmusic examples
=490  \\$aProceedings of the Royal Musical Association$vLXXVII Appendix
=648  \0$a18th Century (1701-1800)$1http://www.wikidata.org/entity/Q7015$920899
=650  \0$aOverture$1http://www.wikidata.org/entity/Q202287$921591
=650  \0$aSymphony$1http://www.wikidata.org/entity/Q9734$92527
=650  \0$aCatalogue$1http://www.wikidata.org/entity/Q2352616$1http://www.wikidata.org/entity/Q6941730$921484
=650  \0$aEnglish$1http://www.wikidata.org/entity/Q1860$92138
=651  \0$aUnited Kingdom$1http://www.wikidata.org/entity/Q21$1http://www.wikidata.org/entity/Q145$9273
=942  \\$cBOO
=952  \\$00$10$2ddc$40$6TOP_GB_5_000000000000000$70$8TOP$96718$aORPH$bORPH$cKTS0$d2020-07-08$eKoopman$i20F32$l0$oTOP GB 5$p20128118$r2021-01-12 00:00:00$w2021-01-12$yBOO$OKoopman
=999  \\$d6719

