=LDR  00385    a2200121   4500
=001  6722
=020  \\$a9789052264257
=100  \\$aCuneo, A.$910345
=245  \\$aDe loop van een rivier
=260  \\$c1997
=942  \\$cBOO
=952  \\$00$10$2ddc$40$6BIO_TREG_D$70$8BIO$96721$aORPH$bORPH$cKTS1_P$d2020-07-08$eKoopman$i45E15$oBIO TREG d$p20127475$r2021-01-12 00:00:00$w2021-01-12$yBOO$OKoopman
=999  \\$c6722$d6722

