=LDR  00946aam a2200205   4500
=001  6723
=008  240220s1974\\\\||||||||\||||\00|\0bger\d
=041  \\$ager
=100  \\$aCunningham, G. R.$910346$4aut
=245  \\$aFranz Schubert als Theaterkomponist
=260  \\$aFreiburg im Breisgau$bKrause$c1974
=600  \0$aSchubert, Franz$d1797-1828$1http://www.wikidata.org/entity/Q7312$96183
=648  \0$a19th Century (1801-1900)$1http://www.wikidata.org/entity/Q6955$920935
=650  \0$aComposer$1http://www.wikidata.org/entity/Q36834$93625
=650  \0$aOpera$1http://www.wikidata.org/entity/Q1344 $92468
=650  \0$aMusic theater$1http://www.wikidata.org/entity/Q96394452$92065
=651  \0$aVienna (Austria)$1http://www.wikidata.org/entity/Q1741$920937
=942  \\$cBOO
=952  \\$00$10$2ddc$40$6BIO_SCHU1_E$70$8BIO$96722$aORPH$bORPH$cKTS1_P$d2020-07-08$eKoopman$i28B34$oBIO SCHU1 e$p20121472$r2021-01-12 00:00:00$w2021-01-12$yBOO$OKoopman
=999  \\$d6723

