=LDR  01184cam a2200277 a 4500
=001  6725
=005  20250120120045.0
=008  840123s1984\\\\miuag\\\\b\\\\001\0deng\\
=020  \\$a0835714667
=040  \\$aOI
=041  \\$aeng
=100  \\$aCunningham, Walker$4aut$910348
=245  14$aThe Keyboard Music of John Bull
=260  \\$aAnn Arbor, MI$bUMI Research Press$c1984
=300  \\$axviii-274 pages$btables, music$c24 cm
=490  \\$aStudies in Musicology$v71
=504  \\$aBibliography: p. [261]-270.
=600  \0$aBull, John$d1562-1628$1http://www.wikidata.org/entity/Q511463$97375
=648  \0$a16th Century (1501-1600)$1http://www.wikidata.org/entity/Q7017$920944
=648  \0$a17th Century (1601-1700)$1http://www.wikidata.org/entity/Q7016$920923
=650  \0$aKeyboard music$1http://www.wikidata.org/entity/Q105715630$921412
=650  \0$aMusical analysis$1http://www.wikidata.org/entity/Q1544924$92775
=651  \0$aUnited Kingdom$1http://www.wikidata.org/entity/Q21$9273
=942  \\$cBOO
=952  \\$00$10$2ddc$40$6BIO_BULL_E$70$8BIO$96724$aORPH$bORPH$cKTS1_P$d2020-07-08$eKoopman$i32C31$oBIO BULL e$p20122890$r2021-01-12 00:00:00$w2021-01-12$yBOO$OKoopman
=999  \\$d6725

