=LDR  01159aam a2200217   4500
=001  6726
=008  210319s1969\\\\\\\|||||\||||\00|\0\eng\d
=041  \\$aeng
=100  \\$aCurtis, Alan$d1934-2015$4aut$1http://www.wikidata.org/entity/Q965256$920496
=245  \\$aSweelinck's Keyboard Music$bA Study of English Elements in Seventeenth-Century Dutch Composition
=260  \\$aLeiden$bLeiden University Press$c1969
=600  \0$aSweelinck, Jan Pieterszoon$d1562-1621$1http://www.wikidata.org/entity/Q110294$911454
=648  \0$a17th Century (1601-1700)$1http://www.wikidata.org/entity/Q7016$920923
=650  \0$aKeyboard music$1http://www.wikidata.org/entity/Q105715630$921412
=650  \0$aMusical analysis$1http://www.wikidata.org/entity/Q1544924$92775
=650  \0$aInfluence$1http://www.wikidata.org/entity/Q1307337$922289
=651  \0$aNetherlands$1http://www.wikidata.org/entity/Q55$9173
=651  \0$aUnited Kingdom$1http://www.wikidata.org/entity/Q21$9273
=942  \\$cBOO
=952  \\$00$10$2ddc$40$6BIO_SWEE1_E$70$8BIO$96725$aORPH$bORPH$cKTS1_P$d2020-07-08$eKoopman$i33F32$l1$oBIO SWEE1 e$p20120886$r2021-07-12 00:00:00$s2021-03-19$w2021-01-12$yBOO
=999  \\$d6726

