=LDR  01257aam a2200241   4500
=001  6727
=008  211026s1956\\\\\\\g||||\mb||\00|\0\eng\d
=041  \\$aeng
=100  \\$aCurtis, Alan$d1934-2015$4aut$1http://www.wikidata.org/entity/Q965256$920496
=245  \\$aUnmeasured Preludes in French Baroque Instrumental Music
=260  \\$aUrbana-Champaign, IL$bUniversity of Illinois $c1956
=300  \\$a143 pages
=500  \\$aM.M. Dissertation
=590  \\$aThesis submitted in partial fulfillment of the requirements for the degree of Master of Music in the Graduate College of the University of Illinois
=648  \0$a17th Century (1601-1700)$1http://www.wikidata.org/entity/Q7016$920923
=648  \0$a18th Century (1701-1800)$1http://www.wikidata.org/entity/Q7015$920899
=650  \0$aKeyboard music$1http://www.wikidata.org/entity/Q105715630$921412
=650  \0$aPrélude non mesuré$1http://www.wikidata.org/entity/Q2759224$923226
=650  \0$aLute$1http://www.wikidata.org/entity/Q180733$93944
=651  \0$aFrance$1http://www.wikidata.org/entity/Q142$9131
=942  \\$cDIS
=952  \\$00$10$2ddc$40$6TOP_FR_5_000000000000000$70$8TOP$96726$aORPH$bORPH$cKTS0$d2020-07-08$eKoopman$i20B16$oTOP FR 5$p20127994$r2021-01-12 00:00:00$w2021-01-12$yDIS
=999  \\$d6727

