=LDR  02852cam a2200385 a 4500
=001  6729
=005  20250120120155.0
=008  080319s2009\\\\iluag\\\\b\\\\001\0beng\\
=020  \\$a9780226132129 (cloth : alk. paper)
=020  \\$a0226132129 (cloth : alk. paper)
=040  \\$aBF
=041  \\$aeng
=100  \\$aCusick, Suzanne G.$4aut$910353
=245  10$aFrancesca Caccini at the Medici Court:$bMusic and the Circulation of Power
=260  \\$aChicago$bUniversity of Chicago Press$c2009
=300  \\$axxxvi-445 pages$bill., music ;$c27 cm. +$e1 sound disc (digital ; 4 3/4 in.).
=490  1\$aWomen in culture and society
=504  \\$aIncludes bibliographical references (p. 411-428) and index.
=505  0\$aFigliuola del celebratissimo Giulio Romano -- "To win the girl"; or, Francesca as object of desire -- Power, desire, and women among themselves -- Musica to the Granducato -- Who was this woman? -- Voice lessons : introducing the Primo libro delle musiche -- Being, doing, and allegories of voice -- After Arianna -- La liberazione di Ruggiero amid the politics of regency -- Performance, musical design, and politics in La liberazione di Ruggiero -- Cataclysms of widowhood -- Afterlives.
=505  0\$aOn CD: Ardo infelice, e palesar non tento, stanza 1 -- Maria, dolce Maria -- Ecco, ch'io verso il sangue -- Lasciatemi qui solo -- O che nuovo stupor, stanza 1 -- Rendi alle mie speranze il verde, e fiori -- Haec dies -- Chi desia di saper che cosa è amore -- Se muove a giurar fede -- Dispiegate -- Ferma, ferma crudele -- Deh, se non hai pietà del mio languire.
=511  0\$aPerformers on CD: Emily van Evera, soprano ; Eric Milnes, harpsichord ; Andrew Parrott, organ ; Maria Cleary, double harp ; Fredrik Bok, theorbo and baroque guitar ; Erin Headley, lirone and viol ; Adrian Butterfield, baroque violin ; Mélisande Corriveau, viol.
=590  \\$aSuzanne G. Cusick ; with a foreword by Catharine R. Simpson.
=600  \0$aCaccini, Francesca$d1587-c. 1640$1http://www.wikidata.org/entity/Q232035$910354
=610  \0$aHouse of Medici$1http://www.wikidata.org/entity/Q170022$922339
=648  \0$a16th Century (1501-1600)$1http://www.wikidata.org/entity/Q7017$920944
=648  \0$a17th Century (1601-1700)$1http://www.wikidata.org/entity/Q7016$920923
=650  \0$aComposer$1http://www.wikidata.org/entity/Q36834$93625
=650  \0$aBiography$1http://www.wikidata.org/entity/Q36279$91927
=650  \0$aGender$1http://www.wikidata.org/entity/P21$921254
=650  \0$aCourt$922191
=650  \0$aPolitics$1http://www.wikidata.org/entity/Q7163$921826
=651  \0$aFlorence (Italy)$1http://www.wikidata.org/entity/Q2044$9248
=942  \\$cBOO
=952  \\$00$10$2ddc$40$6BIO_CACC_D$70$8BIO$96728$aORPH$bORPH$cKTS1_P$d2020-07-08$eKoopman$i25D21$oBIO CACC d$p20129336$r2021-01-12 00:00:00$w2021-01-12$yBOO
=999  \\$d6729

