=LDR  01256cam a2200265   4500
=001  6730
=005  20250120115959.0
=008  730920s1973\\\\enkam\\\\b\\\\001\0\eng\\
=015  \\$aGB***
=020  \\$a0193152231
=040  \\$aOI
=100  \\$aCuyler, Louise$d1908-1998$910356
=245  14$aThe Emperor Maximilian I and music$c[by] Louise Cuyler.
=260  \\$aLondon,$aNew York,$bOxford University Press,$c1973.
=300  \\$axii, 257 p. :$bill. ;$c22 cm.$e+ 1 sound disc (analog, 33 1/3 rpm, stereo. ; 7 in.)
=350  \\$a£10.75
=504  \\$aBibliography: p. [250]-253.
=590  \\$aAccompanying sound recording shelved in the Recorded Sound Section of the Motion Picture, Broadcasting, and Recorded Sound Division.
=650  \0$aMusic history$1http://www.wikidata.org/entity/Q846047$921373
=650  \0$aMusic history$1http://www.wikidata.org/entity/Q846047$921373
=600  \0$aMaximilian I$cHoly Roman Emperor$d1459-1519$1http://www.wikidata.org/entity/Q150726$910357
=942  \\$cBOO
=952  \\$00$10$2ddc$40$6BIO_MAXI_D$70$8BIO$96729$aORPH$bORPH$cKTS1_P$d2020-07-08$eKoopman$i31A11$oBIO MAXI d$p20121161$r2021-01-12 00:00:00$w2021-01-12$yBOO$OKoopman
=999  \\$c6730$d6730
=650  \0$aMusic history$1http://www.wikidata.org/entity/Q846047$921373

