=LDR  01027aam a2200229   4500
=001  6731
=008  211118b\\\\\\\\\\\ao|||\||||\00|\0bger\d
=041  \\$ager
=245  \\$aGottfried Silbermann in Sachsen
=260  \\$aFreiberg$bGottfried-Silbermann-Gesellschaft$cs.d.
=300  \\$a[16] pages
=600  \0$aSilbermann, Gottfried$d1683-1753$1http://www.wikidata.org/entity/Q61720$914779
=648  \0$a18th Century (1701-1800)$1http://www.wikidata.org/entity/Q7015$920899
=650  \0$aOrgan$1http://www.wikidata.org/entity/Q1444$92810
=650  \0$aOrganology$1http://www.wikidata.org/entity/Q899293$921400
=650  \0$aBiography$1http://www.wikidata.org/entity/Q36279$91927
=651  \0$aSaxony (Germany)$1http://www.wikidata.org/entity/Q1202$955
=700  \\$4edt$aGreß, F. H.$922945
=700  \\$4edt$aCzolbe, M.$910358
=942  \\$cBOO
=952  \\$00$10$2ddc$40$6INS_3_000000000000000_1B_SILB$70$8INS$96730$aORPH$bORPH$cKTS0$d2020-07-08$eKoopman$i29D52$oINS3.1b SILB$p20145764$r2021-01-12 00:00:00$w2021-01-12$yBOO
=999  \\$d6731

