=LDR  00517aam a2200145   4500
=001  6733
=008  250618s1962\\\\||||||||\||||\00|\0\dut\d
=041  \\$adut
=100  \\$aDaalder, Dirk Leonardus$910360$4aut
=245  \\$aSagen en legenden
=260  \\$aUtrecht$bPrisma$c1962
=650  \0$aLiterature$1http://www.wikidata.org/entity/Q8242$94439
=942  \\$cBOO
=952  \\$00$10$2ddc$40$6LIT_DAAL_A$70$8LIT$96732$aORPH$bORPH$cKM12_2_H$d2020-07-08$eKoopman$i40G15$oLIT DAAL a$p20130283$r2021-01-12 00:00:00$w2021-01-12$yBOO
=999  \\$d6733

