=LDR  00702aam a2200169   4500
=001  6734
=008  250618s1961\\\\||||||||\||||\00|\0\dut\d
=041  \\$adut
=100  \\$aDaalder, Dirk Leonardus$1http://www.wikidata.org/entity/Q19838086$910360$4aut
=245  \\$aMythen en sagen uit het oude Europa.$bNegen verhalen
=260  \\$aUtrecht$bPrisma$c1961
=590  \\$anaverteld door D. L. Daalder
=650  \0$aMythology$1http://www.wikidata.org/entity/Q9134$921600
=651  \0$aEurope$1http://www.wikidata.org/entity/Q46$991
=942  \\$cBOO
=952  \\$00$10$2ddc$40$6LIT_DAAL_A$70$8LIT$96733$aORPH$bORPH$cKM12_2_H$d2020-07-08$eKoopman$i40G16$oLIT DAAL a$p20122249$r2021-01-12 00:00:00$w2021-01-12$yBOO
=999  \\$d6734

