=LDR  01249aam a2200253   4500
=001  6737
=005  20250926134854.0
=008  230209s1957\\\\||||||||\||||\00|\0dger\d
=041  \\$ager
=100  \\$aDadelsen, Georg von$d1918-2007$4aut$1http://www.wikidata.org/entity/Q1506567$915030
=245  \\$aBemerkungen zur Handschrift Johann Sebastian Bachs seiner Familie und seines Kreises
=260  \\$aTrossingen$bHohner$c1957
=490  \\$aTübinger Bach-Studien$v2/3
=600  \0$aBach, Johann Sebastian$d1685-1750$1http://www.wikidata.org/entity/Q1339$94766
=610  \0$aBach family$1http://www.wikidata.org/entity/Q169509$922324
=648  \0$a17th Century (1601-1700)$1http://www.wikidata.org/entity/Q7016$920923
=648  \0$a18th Century (1701-1800)$1http://www.wikidata.org/entity/Q7015$920899
=650  \0$aManuscript$1http://www.wikidata.org/entity/Q87167$92275
=650  \0$aPaleography$1http://www.wikidata.org/entity/Q179957$92960
=651  \0$aGermany$1http://www.wikidata.org/entity/Q183$9155
=700  \\$4edt$921114$aGerstenberg, Walter$d1904-1988
=942  \\$cBOO
=952  \\$00$10$2ddc$40$6BIO_BACH1_E$70$8BIO$96736$aORPH$bORPH$cKTS1_P$d2020-07-08$eKoopman$i33A09$oBIO BACH1 e$p20123048$r2021-01-12 00:00:00$w2021-01-12$yBOO
=999  \\$d6737

