=LDR  01145aam a2200241   4500
=001  6738
=005  20250926134854.0
=008  231214s1958\\\\||||||||\||||\00|\0\ger\d
=041  \\$ager
=100  \\$aDadelsen, Georg von$d1918-2007$1http://www.wikidata.org/entity/Q1506567$915030
=245  \\$aBeiträge zur Chronologie der Werke Johann Sebastian Bachs
=260  \\$aTrossingen$bHohner$c1958
=490  \\$aTübinger Bach-Studien$v4/5
=600  \0$aBach, Johann Sebastian$d1685-1750$1http://www.wikidata.org/entity/Q1339$94766
=648  \0$a17th Century (1601-1700)$1http://www.wikidata.org/entity/Q7016$920923
=648  \0$a18th Century (1701-1800)$1http://www.wikidata.org/entity/Q7015$920899
=650  \0$aChronology$1http://www.wikidata.org/entity/Q130788$922826
=650  \0$aComposing$1http://www.wikidata.org/entity/Q92186587$93076
=651  \0$aGermany$1http://www.wikidata.org/entity/Q183$9155
=700  \\$aGerstenberg, Walter$d1904-1988$4edt$921114
=942  \\$cBOO
=952  \\$00$10$2ddc$40$6BIO_BACH1_E$70$8BIO$96737$aORPH$bORPH$cKTS1_P$d2020-07-08$eKoopman$i33A29$oBIO BACH1 e$p20123030$r2021-01-12 00:00:00$w2021-01-12$yBOO
=999  \\$d6738

