=LDR  01034aam a2200217   4500
=001  6739
=008  221108s1952\\\\||||||||\b|||\00|\0\eng\d
=041  \\$aeng
=100  \\$aDahl, Folke$d1905-1970$1http://www.wikidata.org/entity/Q52426564$910363
=245  \\$aA Bibliography of English Corantos and Periodical Newsbooks 1620-1642
=260  \\$aLondon$bBibliographical Society$c1952
=300  \\$a283 pages
=534  \\$aAutograph dedication to Plesner, whose ex libris is included
=561  \\$aExlibris K.F. Plesner (bookplate)
=648  \0$a17th Century (1601-1700)$1http://www.wikidata.org/entity/Q7016$920923
=650  \0$aBibliography$1http://www.wikidata.org/entity/Q134995$93965
=650  \0$aPeriodical$1http://www.wikidata.org/entity/Q1002697$921106
=651  \0$aUnited Kingdom$1http://www.wikidata.org/entity/Q21$9273
=942  \\$cBOO
=952  \\$00$10$2ddc$40$6BIB_4_000000000000000_GB_5$70$8BIB$96738$aORPH$bORPH$cKTS0$d2020-07-08$eKoopman$i38A15$l0$oBIB4 GB 5$p20122435$r2021-01-12 00:00:00$w2021-01-12$yBOO$OKoopman
=999  \\$d6739

