=LDR  01095cam a2200265 a 4500
=001  6740
=005  20250715170136.0
=008  820112s1980\\\\gw\abf\\\b\\\\001\0\ger\\
=015  \\$aGFR***
=020  \\$a3920112768
=040  \\$aOI
=100  \\$aDähnert, Ulrich$4aut$910364
=245  10$aHistorische Orgeln in Sachsen:$bein Orgelinventar
=250  \\$a1st ed.
=260  \\$aFrankfurt am Main$bVerlag das Musikinstrument$c1980
=300  \\$a319 pages, [72] pages of plates$b71 illustrations (some color), maps$c28 cm
=490  1\$a70. GDO-Veröffentlichung
=504  \\$aBibliography: p. 289-299.
=650  \0$aOrgan$1http://www.wikidata.org/entity/Q1444$92810
=650  \0$aOrganology$1http://www.wikidata.org/entity/Q899293$921400
=651  \0$aSaxony (Germany)$1http://www.wikidata.org/entity/Q1202$955
=710  \\$aInstitut für Denkmalpflege (Berlin, Germany)$91274
=942  \\$cBOO
=952  \\$00$10$2ddc$40$6INS_3_000000000000000_1E_DE_SAX$70$8INS$96739$aORPH$bORPH$cKTS0$d2020-07-08$eKoopman$i24E03$l0$oINS3.1e DE.SAX$p20125948$r2021-01-12 00:00:00$w2021-01-12$yBOO$OKoopman
=999  \\$d6740

