=LDR  01153aam a2200229   4500
=001  6741
=005  20250926134854.0
=008  230329s1960\\\\gw\f||||\||||\00|\0bger\d
=041  \\$ager
=100  \\$aDähnert, Ulrich$4aut$910364
=245  \\$aDer Orgel- und Instrumentenbauer Zacharias Hildebrandt.$bSein Verhältnis zu Gottfried Silbermann und Johann Sebastian Bach
=260  \\$aLeipzig$bBreitkopf & Härtel$c1960
=300  \\$a264 pages$bplates
=600  \0$aHildebrandt, Zacharias$d1688-1757$1http://www.wikidata.org/entity/Q92051$921670
=600  \0$aSilbermann, Gottfried$d1683-1753$1http://www.wikidata.org/entity/Q61720$914779
=600  \0$aBach, Johann Sebastian$d1685-1750$1http://www.wikidata.org/entity/Q1339$94766
=648  \0$a18th Century (1701-1800)$1http://www.wikidata.org/entity/Q7015$920899
=650  \0$aOrgan$1http://www.wikidata.org/entity/Q1444$92810
=651  \0$aGermany$1http://www.wikidata.org/entity/Q183$9155
=942  \\$cBOO
=952  \\$00$10$2ddc$40$6INS_3_000000000000000_1B_HILD$70$8INS$96740$aORPH$bORPH$cKTS0$d2020-07-08$eKoopman$i32F10$l0$oINS3.1b HILD$p20123092$r2021-01-12 00:00:00$w2021-01-12$yBOO$OKoopman
=999  \\$d6741

