=LDR  00918    a2200205   4500
=001  6742
=008  211118s1953\\\\gw\f||||\||||\00|\0\ger\d
=041  \\$ager
=100  \\$aDähnert, Ulrich$4aut$910364
=245  \\$aDie Orgeln Gottfried Silbermanns in Mitteldeutschland
=260  \\$aLeipzig$bKoehler & Amelang$c1953
=300  \\$a222 pages
=490  \\$aForschungen zur sächsischen Kunstgeschichte$v2
=600  \0$aSilbermann, Gottfried$d1683-1753$1http://www.wikidata.org/entity/Q61720$914779
=648  \0$a18th Century (1701-1800)$1http://www.wikidata.org/entity/Q7015$920899
=650  \0$aOrgan$1http://www.wikidata.org/entity/Q1444$92810
=651  \0$aSaxony (Germany)$1http://www.wikidata.org/entity/Q1202$955
=942  \\$cBOO
=952  \\$00$10$2ddc$40$6INS_3_000000000000000_1B_SILB$70$8INS$96741$aORPH$bORPH$cLOC_UNK$d2020-07-08$eKoopman$i32F31$oINS3.1b SILB$p20123070$r2021-01-12 00:00:00$w2021-01-12$yBOO
=999  \\$d6742

