=LDR  00856    a2200205   4500
=001  6743
=008  230912s1913\\\\-uko||||\||||\00|\0\eng\d
=041  \\$aeng
=100  \\$aDale, William$910366$4aut
=245  \\$aTschudi, the Harpsichord Maker
=260  \\$c1913$aLondon$bConstable
=300  \\$a82 pages
=600  \0$926485$aSchudi, Burkat 
=648  \0$1http://www.wikidata.org/entity/Q7015$a18th Century (1701-1800)$920899
=650  \0$1http://www.wikidata.org/entity/Q81982$aHarpsichord$92125
=650  \0$1http://www.wikidata.org/entity/Q52954$aKeyboard instrument$92849
=651  \0$1http://www.wikidata.org/entity/Q21$aUnited Kingdom$9273
=942  \\$cBOO
=952  \\$00$10$2ddc$40$6INS_3_000000000000000_2B_TSCH$70$8INS$96742$aORPH$bORPH$cKTS0$d2020-07-08$eKoopman$i22E33$l0$oINS3.2b TSCH$p20128872$r2021-01-12 00:00:00$w2021-01-12$yBOO$OKoopman
=999  \\$d6743

