=LDR  00931nam a22002297i 4500
=001  6744
=005  20250120120941.0
=008  901204s1988\\\\xxk||||||\\\\|||||\|||||c
=020  \\$a1851702016
=040  \\$bOI
=041  \7$aeng
=100  \\$aDaly, Cesar$1http://www.wikidata.org/entity/Q87189301$4aut$910367
=245  10$aInterior Design Motifs of the 19. Century
=260  \\$aLondon$bBracken Books$c1988
=300  \\$a8 pages of text$billustrations$c38 cm
=648  \0$a19th Century (1801-1900)$1http://www.wikidata.org/entity/Q6955$920935
=650  \0$aInterior design$1http://www.wikidata.org/entity/Q179232$921367
=650  \0$aOrnamentation$1http://www.wikidata.org/entity/Q739589$922524
=700  \\$aJervis, Simon$4win$927359
=942  \\$cBOO
=952  \\$00$10$2ddc$40$6VIS_XL_DALY$70$8VIS$96743$aORPH$bORPH$cKTS1_H$d2020-07-08$eKoopman$i20A07$l0$oVIS XL DALY$p20128046$r2021-01-12 00:00:00$w2021-01-12$yBOO$OKoopman
=999  \\$d6744

