=LDR  01760aam a2200265   4500
=001  6747
=005  20251001162312.0
=008  230524s1967\\\\|||gf|||\bm||\000\0\ger\d
=041  \\$ager
=100  \\$aDammann, Rolf$d1929-2012$1http://www.wikidata.org/entity/Q2163318$912237
=245  \\$aDer Musikbegriff im deutschen Barock
=260  \\$c1967$aCologne$bVolk
=300  \\$a524 pages
=500  \\$aImmediately after receiving his doctorate, Dannmann began teaching at the Freiburg University of Music and at the University of Heidelberg and completed his habilitation in Freiburg in 1958 with a work that was to become his most successful book: The Concept of Music in the German Baroque. A third edition of this work was published in 1995, which had a far-reaching impact precisely in the early days of musical performance practice.
=590  \\$aAls Habilitationsschrift auf Empfehlung der Philosophischen Fakultät der Universität Freiburg gedruckt mit Unterstützung der Deutschen Forschungsgemeinschaft.
=648  \0$1http://www.wikidata.org/entity/Q7016$a17th Century (1601-1700)$920923
=648  \0$1http://www.wikidata.org/entity/Q7015$a18th Century (1701-1800)$920899
=650  \0$1http://www.wikidata.org/entity/Q846047$aMusic history$921373
=650  \0$aMusic theory$1http://www.wikidata.org/entity/Q193544$92662
=650  \0$aRhetoric$1http://www.wikidata.org/entity/Q81009$93894
=650  \0$aMusic philosophy and aesthetics$1http://www.wikidata.org/entity/Q2092865$921165
=651  \0$1http://www.wikidata.org/entity/Q183$aGermany$9155
=942  \\$cBOO
=952  \\$00$10$2ddc$40$6TOP_DE_5_000000000000000$70$8TOP$96746$aORPH$bORPH$cKTS0$d2020-07-08$eKoopman$i20E7$l0$oTOP DE 5$p20125374$r2021-01-12 00:00:00$w2021-01-12$yBOO$OKoopman
=999  \\$d6747

