=LDR  00359    a2200109   4500
=001  6749
=100  \\$aDanckert, W.$910372
=245  \\$aBeiträge zur Bachkritik I
=260  \\$c1934
=942  \\$cBOO
=952  \\$00$10$40$6BIO_BACH1_E$70$8BIO$96748$aORPH$bORPH$cKTS1_P$d2020-07-08$eKoopman$i46D05$oBIO BACH1 e$p20127702$r2021-01-12 00:00:00$w2021-01-12$yBOO$OKoopman
=999  \\$c6749$d6749

