=LDR  02224cam a2200337 a 4500
=001  6752
=005  20250121142121.0
=008  930708m19671992gw\g\\\\\\\\\\000\0\ger\\
=010  \\$a   68087202 
=020  \\$a3795206251 (v. 3)
=040  \\$aOI
=041  \\$ager
=100  \\$aZobeley, Fritz$4aut$910374
=245  14$aDie Musikalien der Grafen von Schönborn-Wiesentheid:$bThematisch-bibliographischer Katalog.
=260  \\$aTutzing$bSchneider$c1967-92
=300  \\$a3 vols. (xxiv-143+xvi-232+xii-81 pages)$bmusic ;$c31 cm.
=490  \\$aVeröffentlichungen der Gesellschaft für Bayerische Musikgeschichte e.V.
=505  0\$aI. T. Das Repertoire des Grafen Rudolf Franz Erwein von Schönborn (1677-1754): Band 1: Drucke aus den Jahren 1676 bis 1738 (1967); Band 2: Handschriften (1982) -- II. T. Der Notennachlass der Grafen Hugo Damian Erwein (1738-1817) und Franz Erwein (1776-1840).
=600  \0$aSchönborn-Wiesentheid, Rudolf Franz Erwein von$d1677-1754$1http://www.wikidata.org/entity/Q14912555$910375
=600  \0$aSchönborn-Wiesentheid, Hugo Damian Erwein von$d1738-1817$922304
=600  \0$aSchönborn-Wiesentheid, Franz Erwein von$d1776-1840$1http://www.wikidata.org/entity/Q1446699$922305
=648  \0$a18th Century (1701-1800)$1http://www.wikidata.org/entity/Q7015$920899
=648  \0$a19th Century (1801-1900)$1http://www.wikidata.org/entity/Q6955$920935
=650  \0$aCollecting$1http://www.wikidata.org/entity/Q208165$92117
=650  \0$aManuscript$1http://www.wikidata.org/entity/Q87167$92275
=651  \0$aPommersfelden (Germany)$1http://www.wikidata.org/entity/Q627521$922306
=942  \\$cBOO
=952  \\$00$10$2ddc$3vol. II$40$6BIB_4_000000000000000_DE_POM$70$8BIB$96751$aORPH$bORPH$cKTS0$d2020-07-08$eKoopman$i34C24_03$l1$oBIB4 DE.POM$p20122561$r2021-09-28 00:00:00$s2021-09-27$w2021-01-12$yBOO
=952  \\$00$10$2ddc$3vol. I.1$40$6BIB_4_000000000000000_DE_POM$70$8BIB$913381$aORPH$bORPH$cKTS0$d2020-07-08$eKoopman$i34C24_01$oBIB4 DE.POM$p20122563$r2021-01-12 00:00:00$w2021-01-12$yBOO
=952  \\$00$10$2ddc$3vol. I.2$40$6BIB_4_000000000000000_DE_POM$70$8BIB$913382$aORPH$bORPH$cKTS0$d2020-07-08$eKoopman$i34C24_02$oBIB4 DE.POM$p20122562$r2021-01-12 00:00:00$w2021-01-12$yBOO
=999  \\$d6752

