=LDR  01296aam a2200253   4500
=001  6753
=005  20251003085456.0
=008  220708s1972\\\\|||g||||\c|||\00|\0\eng\d
=041  \\$aeng
=245  \\$aThe Sources of English Church Music 1549-1660
=260  \\$aLondon$bStainer and Bell$c1972
=300  \\$a2 vols. ([xii]-159 pages)
=490  \\$aEarly English Church Music$vSupplementary Volume 1, Part I
=648  \0$a16th Century (1501-1600)$1http://www.wikidata.org/entity/Q7017$920944
=648  \0$a17th Century (1601-1700)$1http://www.wikidata.org/entity/Q7016$920923
=650  \0$aChurch music$1http://www.wikidata.org/entity/Q8812109$92283
=650  \0$aCatalogue$1http://www.wikidata.org/entity/Q2352616$1http://www.wikidata.org/entity/Q6941730$921484
=651  \0$aUnited Kingdom$1http://www.wikidata.org/entity/Q21$9273
=700  \\$aDaniel, R. T.$4edt$910376
=700  \\$4edt$aLe Huray, Peter$911766
=942  \\$cBOO
=952  \\$00$10$2ddc$3Part I$40$6TOP_GB_4_000000000000000$70$8TOP$96752$aORPH$bORPH$cKTS0$d2020-07-08$eKoopman$i20F17$oTOP GB 4$p20128133$r2021-01-12 00:00:00$w2021-01-12$yBOO
=952  \\$00$10$2ddc$3Part II$40$6TOP_GB_4_000000000000000$70$8TOP$96753$aORPH$bORPH$cKTS0$d2020-07-08$eKoopman$i20F18$oTOP GB 4$p20128132$r2021-01-12 00:00:00$w2021-01-12$yBOO
=999  \\$d6753

