=LDR  00383    a2200121   4500
=001  6755
=020  \\$a9783785910900
=100  \\$aDannowski, H. W.$910377
=245  \\$aDer Himmel lacht
=260  \\$c2012
=942  \\$cBOO
=952  \\$00$10$40$6BIO_BACH1_E$70$8BIO$96754$aORPH$bORPH$cKTS1_P$d2020-07-08$eKoopman$i46C01$oBIO BACH1 e$p20127662$r2021-01-12 00:00:00$w2021-01-12$yBOO$OKoopman
=999  \\$c6755$d6755

