=LDR  00976    a2200229   4500
=001  6757
=008  210922s1964\\\\\\\|||||\||||\00|\pamul\d
=041  \\$aita$ager
=100  \\$aDante Alighieri$d1265-1321$4aut$1http://www.wikidata.org/entity/Q1067$910378
=245  \\$aVita nuova = Das neue Leben
=260  \\$aFrankfurt am Main$aHamburg$bFischer$c1964
=300  \\$a170 pages
=490  \\$aDie Fischer Bibliothek der Hundert Bücher$v90
=648  \0$aMiddle Ages (500-1400)$1http://www.wikidata.org/entity/Q12554$920964
=650  \0$aPoetry$1http://www.wikidata.org/entity/Q482$93026
=650  \0$aBiography$1http://www.wikidata.org/entity/Q36279$91927
=651  \0$aItaly$1http://www.wikidata.org/entity/Q38$922
=700  \\$4win$aLeo, Ulrich$922268
=700  \\$4trl$aFedern, Karl$922269
=942  \\$cBOO
=952  \\$00$10$2ddc$40$6LIT_DANT_A$70$8LIT$96756$aORPH$bORPH$cKM12_2_H$d2020-07-08$eKoopman$i40B17$oLIT DANT a$p20120316$r2021-01-12 00:00:00$w2021-01-12$yBOO
=999  \\$d6757

