=LDR  00967    a2200229   4500
=001  6760
=008  210922s1944\\\\||||||||\||||\00|\1\ita\d
=041  \\$aita
=100  \\$aDante Alighieri$d1265-1321$4aut$1http://www.wikidata.org/entity/Q1067$910378
=245  \\$aLa divina commedia
=250  \\$a6th ed.
=260  \\$aFlorence$bSansoni$c1944
=300  \\$a1068 pages
=590  \\$acon il commento di Tommaso Casini. Sesta edizione rinnovata e accresciuta per cura di S. A. Barbi
=648  \0$aMiddle Ages (500-1400)$1http://www.wikidata.org/entity/Q12554$920964
=650  \0$aPoetry$1http://www.wikidata.org/entity/Q482$93026
=651  \0$aFlorence (Italy)$1http://www.wikidata.org/entity/Q2044$9248
=700  \\$4cmm$aCasini, Tommaso$922270
=700  \\$4edt$aBarbi, S. A.$922271
=942  \\$cBOO
=952  \\$00$10$2ddc$40$6LIT_DANT_A$70$8LIT$96759$aORPH$bORPH$cKM12_2_H$d2020-07-08$eKoopman$i43B25$oLIT DANT a$p20127227$r2021-01-12 00:00:00$w2021-01-12$yBOO
=999  \\$d6760

