=LDR  00391    a2200109   4500
=001  6761
=100  \\$aDantiago, F. de$4cmp$910379
=245  \\$aTesoro de la Musica Polifoni Tomo II
=260  \\$c1981
=942  \\$cSCO
=952  \\$00$10$2ddc$40$6SCO_MISC_RAMI$70$8SCO$96760$aORPH$bORPH$cKTS1_H$d2020-07-08$eKoopman$iW1834$l0$oSCO MISC RAMI$p20124307$r2021-01-12 00:00:00$w2021-01-12$ySCO$OW.1834-II
=999  \\$c6761$d6761

