=LDR  01001aab a2200205   4500
=001  6763
=008  211119s1957\\\\||||||||\||||\00|\0\eng\d
=041  \\$aeng
=100  \\$aDart, Thurston$d1921-1971$4aut$1http://www.wikidata.org/entity/Q963003$914832
=245  \\$aLord Herbert of Cherbury's Lute-Book
=260  \\$aTaunton$bBarnicotts$c1957
=300  \\$a16 pages
=500  \\$aReprint from "Music and Letters" (April 1957), with additional list by Barnicotts Limited, Printers, Taunton
=600  \0$aEdward Herbert$c1st Baron Herbert of Cherbury$d1583-1648$1http://www.wikidata.org/entity/Q713004$926700
=650  \0$aLute$1http://www.wikidata.org/entity/Q180733$93944
=650  \0$aBook$1http://www.wikidata.org/entity/Q571$92285
=651  \0$aUnited Kingdom$1http://www.wikidata.org/entity/Q21$9273
=942  \\$cBOO
=952  \\$00$10$2ddc$40$6INS_5_000000000000000_1D_DART$70$8INS$96762$aORPH$bORPH$cKTS0$d2020-07-08$eKoopman$i28B43$oINS5.1d DART$p20121463$r2021-01-12 00:00:00$w2021-01-12$yBOO
=999  \\$d6763

