=LDR  01608aam a2200301   4500
=001  6764
=005  20251103124735.0
=008  220524s1967\\\\|||g||||\||||\00|\0\eng\d
=041  \\$aeng
=100  \\$aDart, Thurston$d1921-1971$4aut$1http://www.wikidata.org/entity/Q963003$914832
=245  \\$aThe Interpretation of Music
=250  \\$a4th ed.
=260  \\$aLondon$bHutchinson University Library$c1967
=300  \\$a190 pages
=534  \\$aOriginally published in 1954
=648  \0$aMiddle Ages (500-1400)$1http://www.wikidata.org/entity/Q12554$920964
=648  \0$aRenaissance (1400-1600)$1http://www.wikidata.org/entity/Q4692$920965
=648  \0$a17th Century (1601-1700)$1http://www.wikidata.org/entity/Q7016$920923
=648  \0$a18th Century (1701-1800)$1http://www.wikidata.org/entity/Q7015$920899
=650  \0$aHistorically informed performance$1http://www.wikidata.org/entity/Q1344860$920980
=650  \0$aEarly music$1http://www.wikidata.org/entity/Q436016$93160
=650  \0$aMusical interpretation$1http://www.wikidata.org/entity/Q1668139$94533
=651  \0$aEurope$1http://www.wikidata.org/entity/Q46$991
=700  \\$4dte$aVan den Borren, Charles$d1874-1966$1http://www.wikidata.org/entity/Q1066297$917675
=942  \\$cBOO
=952  \\$00$10$2ddc$40$6MTP_2_000000000000000_DART$70$8MTP$96763$aORPH$bORPH$cKM12_1$d2020-07-08$eKoopman$i30F45$l1$oMTP2 DART$p20123287$r2022-05-24 00:00:00$s2022-05-19$w2021-01-12$yBOO
=952  \\$00$10$2ddc$40$6TRE_DART$70$8TRE$921689$aORPH$bORPH$cKTS1_H$d2020-07-08$eThwaites$l1$oTRE DART$p20129974$r2024-11-04 12:53:47$s2024-10-16$w2022-08-08$yBOO
=999  \\$d6764

