=LDR  01194    a2200265   4500
=001  6766
=005  20250925143257.0
=008  210924s2004\\\\it\coaf|\||||\00|\0\ita\d
=041  \\$aita
=100  \\$aDassenno, Flavio$4aut$910382
=245  \\$aPer gli occhi e 'l core$bStrumenti musicali nell'arte
=260  \\$c2004$aBrescia$bLine
=300  \\$a223 pages
=561  \\$aEx Libris Ton Koopman
=648  \0$a16th Century (1501-1600)$1http://www.wikidata.org/entity/Q7017$920944
=648  \0$a17th Century (1601-1700)$1http://www.wikidata.org/entity/Q7016$920923
=648  \0$a18th Century (1701-1800)$1http://www.wikidata.org/entity/Q7015$920899
=648  \0$a19th Century (1801-1900)$1http://www.wikidata.org/entity/Q6955$920935
=648  \0$a20th Century (1901-2000)$1http://www.wikidata.org/entity/Q6927$920936
=650  \0$aIconography$1http://www.wikidata.org/entity/Q208145$921259
=650  \0$aOrganology$1http://www.wikidata.org/entity/Q899293$921400
=651  \0$aItaly$1http://www.wikidata.org/entity/Q38$922
=942  \\$cBOO
=952  \\$00$10$2ddc$40$6INS_1A$70$8INS$96765$aORPH$bORPH$cKTS0$d2020-07-08$eKoopman$i33B04$oINS1a$p20122780$r2021-01-12 00:00:00$w2021-01-12$yBOO
=999  \\$d6766

