=LDR  01254aam a2200265   4500
=001  6767
=008  250527s1961\\\\|||afgo|\b|||\001\0dfre\d
=041  \\$afre
=100  \\$aDavenson, Henri$d1904-1977$1http://www.wikidata.org/entity/Q1369617$920497$4aut
=245  \\$aLes troubadours
=260  \\$c1964$aParis$bÉditions du Seuil
=300  \\$a189 pages
=490  \\$aCollections  Microcosme - Le temps qui court$v23
=648  \0$aMiddle Ages (500-1400)$1http://www.wikidata.org/entity/Q12554$920964
=650  \0$aTroubadour$1http://www.wikidata.org/entity/Q186370$940259
=650  \0$aBiography$1http://www.wikidata.org/entity/Q36279$91927
=650  \0$aMusic history$1http://www.wikidata.org/entity/Q846047$921373
=650  \0$aPhilosophy$1http://www.wikidata.org/entity/Q5891$92357
=650  \0$aPoetry$1http://www.wikidata.org/entity/Q482$93026
=650  \0$aNobility$1http://www.wikidata.org/entity/Q134737$93602
=650  \0$aSong$1http://www.wikidata.org/entity/Q7366$94164
=651  \0$aFrance$1http://www.wikidata.org/entity/Q142$9131
=942  \\$cBOO
=952  \\$00$10$2ddc$40$6TOP_FR_3_000000000000000$70$8TOP$96766$aORPH$bORPH$cKTS0$d2020-07-08$eKoopman$i40D08$l0$oTOP FR 3$p20122309$r2021-01-12 00:00:00$w2021-01-12$yBOO$OKoopman
=999  \\$d6767

