=LDR  01381pam a2200265 a 4500
=001  6769
=005  20250926134854.0
=008  971008s1998\\\\nyuabch\\b\\\\001\0beng\\
=020  \\$a0393045587
=040  \\$aOI
=245  04$aThe new Bach reader :$ba life of Johann Sebastian Bach in letters and documents /$cedited by Hans T. David and Arthur Mendel ; revised and enlarged by Christoph Wolff.
=260  \\$aNew York :$bW.W. Norton,$cc1998.
=300  \\$aliv, 551 p. :$bill., maps, ports., facsims. ;$c24 cm.
=504  \\$aIncludes bibliographical references (p. 531-532) and index.
=600  \0$aBach, Johann Sebastian$d1685-1750$1http://www.wikidata.org/entity/Q1339$94766
=650  \0$aComposer$1http://www.wikidata.org/entity/Q36834$93625
=700  \\$aDavid, Hans T.$d1902-1967$910385
=700  \\$aMendel, Arthur$d1905-1979$1http://www.wikidata.org/entity/Q710626$910386
=700  \\$aWolff, Christoph$d1940-$1http://www.wikidata.org/entity/Q66488$910387
=700  \\$aBach, Johann Sebastian$d1685-1750$1http://www.wikidata.org/entity/Q1339$94766
=942  \\$cBOO
=952  \\$00$10$2ddc$40$6BIO_BACH1_B$70$8BIO$96768$aORPH$bORPH$cKTS1_P$d2020-07-08$eKoopman$i32A28$oBIO BACH1 b$p20122972$r2021-01-12 00:00:00$w2021-01-12$yBOO
=999  \\$c6769$d6769
=651  \0$aGermany$1http://www.wikidata.org/entity/Q183$9155
=650  \0$aBiography$1http://www.wikidata.org/entity/Q36279$91927

