=LDR  01017aam a2200217   4500
=001  6771
=008  241226s2005\\\\||||||||\||||\00|\0\dut\d
=020  \\$a9789052601298
=041  \\$adut
=245  \\$aEen wonder weerspiegeld:$bDe Nederlandse Republiek in Europees Perspectief
=260  \\$aAmsterdam$bAksent$c2005
=648  \0$a16th Century (1501-1600)$1http://www.wikidata.org/entity/Q7017$920944
=648  \0$a17th Century (1601-1700)$1http://www.wikidata.org/entity/Q7016$920923
=648  \0$a18th Century (1701-1800)$1http://www.wikidata.org/entity/Q7015$920899
=650  \0$aHistory$1http://www.wikidata.org/entity/Q309$921403
=651  \0$aNetherlands$1http://www.wikidata.org/entity/Q55$1http://www.wikidata.org/entity/Q29999$9173
=700  \\$aDavids, K.$4edt$910389
=700  \\$aLucassen, J.$4edt$939354
=942  \\$cBOO
=952  \\$00$10$2ddc$40$6TOP_NL_4_000000000000000$70$8TOP$96770$aORPH$bORPH$cKTS0$d2020-07-08$eKoopman$i34B01$l0$oTOP NL 4$p20122616$r2021-01-12 00:00:00$w2021-01-12$yBOO$OKoopman
=999  \\$d6771

