=LDR  01189nam a2200301 c 4500
=001  6772
=003  OI
=005  20250120120301.0
=007  t
=008  230324s1992\\\\\\\a|||\\||||\00|||\eng\d
=020  \\$z0906894204
=020  \\$z9780906894200
=040  \\$aOI
=041  0\$aeng
=100  1\$aDavidson, Charles Hilary$d1929-$4aut
=245  10$aSir John Sutton:$bA Study in True Principles
=260  \\$aOxford$bPositif Press$c1992
=300  \\$a223 pages$billustrations$c24 cm
=504  \\$aSynopsis in German on p. [198]-214
=600  \0$aSutton, John$cSir$d1820-1873$1http://www.wikidata.org/entity/Q1288736$94856
=648  \0$a19th Century (1801-1900)$1http://www.wikidata.org/entity/Q6955$920935
=650  \0$aPatronage$1http://www.wikidata.org/entity/Q214092$94245
=650  \0$aNobility$1http://www.wikidata.org/entity/Q134737$93602
=650  \0$aCatholicism$1http://www.wikidata.org/entity/Q1841$921631
=651  \0$aUnited Kingdom$1http://www.wikidata.org/entity/Q21$9273
=942  \\$cBOO
=952  \\$00$10$2ddc$40$6BIO_SUTT_D$70$8BIO$96771$aORPH$bORPH$cKTS1_P$d2020-07-08$eKoopman$i32F37$l0$oBIO SUTT d$p20123064$r2021-01-12 00:00:00$w2021-01-12$yBOO$OKoopman
=999  \\$d6772

