=LDR  01390aam a2200229   4500
=001  6773
=005  20251010095546.0
=008  251010s1951\\\\||||||||\c|||\00|\0\fre\d
=041  \\$afre
=100  1\$aDavidsson, Åke$d1913-2004$1http://www.wikidata.org/entity/Q21586927$910391$4aut
=245  \\$aCatalogue critique et descriptif des imprimés de musique des XVIe et XVIIe siècles, conservés a la Bibliothèque de l'Université Royale d'Upsala$nTome III$pRecueils de musique religieuse et profane
=260  \\$aUppsala$bAlmqvist & Wiksell$c1951
=610  \0$aUppsala universitet (Sweden)$1http://www.wikidata.org/entity/Q185246$939308
=648  \0$a16th Century (1501-1600)$1http://www.wikidata.org/entity/Q7017$920944
=648  \0$a17th Century (1601-1700)$1http://www.wikidata.org/entity/Q7016$920923
=650  \0$aLibrary$1http://www.wikidata.org/entity/Q7075$94229
=650  \0$aCatalogue$1http://www.wikidata.org/entity/Q2352616$1http://www.wikidata.org/entity/Q6941730$921484
=650  \0$aChurch music$1http://www.wikidata.org/entity/Q8812109$1http://www.wikidata.org/entity/Q1065742$92283
=651  \0$aUppsala (Sweden)$1http://www.wikidata.org/entity/Q25286$939310
=942  \\$cBOO
=952  \\$00$10$2ddc$40$6BIB_4_000000000000000_SE_UPS$70$8BIB$96772$aORPH$bORPH$cKTS0$d2020-07-08$eKoopman$i33D06-III$l0$oBIB4 SE.UPS$p20122743$r2021-01-12 00:00:00$w2021-01-12$yBOO$OKoopman
=999  \\$d6773

