=LDR  01242aam a2200229   4500
=001  6775
=005  20251024094039.0
=008  251024s1953\\\\||||||||\c|||\00|\0\fre\d
=041  \\$afre
=100  1\$aDavidsson, Åke$d1913-2004$1http://www.wikidata.org/entity/Q21586927$910391$4aut
=245  \\$aCatalogue critique et descriptif des ouvrages théoriques sur la musique imprimé au XVIe et au XVIIe siècles et conservés dans les bibliothèques suédoises
=260  \\$aUppsala$bAlmqvist & Wiksell$c1953
=490  \\$aStudia Musicologica Upsaliensia$vII
=648  \0$a16th Century (1501-1600)$1http://www.wikidata.org/entity/Q7017$920944
=648  \0$a17th Century (1601-1700)$1http://www.wikidata.org/entity/Q7016$920923
=650  \0$aLibrary$1http://www.wikidata.org/entity/Q7075$94229
=650  \0$aCatalogue$1http://www.wikidata.org/entity/Q2352616$1http://www.wikidata.org/entity/Q6941730$921484
=650  \0$aMusic theory$1http://www.wikidata.org/entity/Q193544$92662
=651  \0$aSweden$1http://www.wikidata.org/entity/Q34$9275
=942  \\$cBOO
=952  \\$00$10$2ddc$40$6BIB_4_000000000000000_SE$70$8BIB$96774$aORPH$bORPH$cKTS0$d2020-07-08$eKoopman$i34E18-II$l0$oBIB4 SE$p20120810$r2021-01-12 00:00:00$w2021-01-12$yBOO$OKoopman
=999  \\$d6775

