=LDR  01248aam a2200253   4500
=001  6776
=008  230414s1962\\\\|||a||||\||||\00|\0\swe\d
=041  \\$aswe
=100  1\$aDavidsson, Åke$d1913-2004$4aut$1http://www.wikidata.org/entity/Q21586927$910391
=245  \\$aDanskt Musiktryck intill 1700-talets mitt
=246  \1$aDänischer Musikdruck bis zur Mitte des 18. Jahrhunderts
=260  \\$c1962$aUppsala$bAlmqvist & Wiksells
=300  \\$a100 pages
=490  \\$aStudia musicologica Upsaliensia$v7
=500  \\$aDanish music printing until the middle of the 18th century
=648  \0$a16th Century (1501-1600)$1http://www.wikidata.org/entity/Q7017$920944
=648  \0$a17th Century (1601-1700)$1http://www.wikidata.org/entity/Q7016$920923
=648  \0$a18th Century (1701-1800)$1http://www.wikidata.org/entity/Q7015$920899
=650  \0$aMusic printing$1http://www.wikidata.org/entity/Q64416036$94007
=650  \0$aHistory$1http://www.wikidata.org/entity/Q309$921403
=651  \0$1http://www.wikidata.org/entity/Q35$aDenmark$921295
=942  \\$cBOO
=952  \\$00$10$2ddc$40$6BIB_4_000000000000000_DK_5$70$8BIB$96775$aORPH$bORPH$cKTS0$d2020-07-08$eKoopman$i37C23$l0$oBIB4 DK 5$p20120569$r2021-01-12 00:00:00$w2021-01-12$yBOO$OKoopman
=999  \\$d6776

