=LDR  00911aam a2200205   4500
=001  6777
=008  230308s1962\\\\||||||||\b|||\00|\0\ger\d
=041  \\$ager
=100  1\$aDavidsson, Åke$d1913-2004$1http://www.wikidata.org/entity/Q21586927$910391
=245  \\$aBibliographie der Musiktheoretischen Drucke des 16. Jahrhunderts
=260  \\$c1962$aBaden-Baden$bHeitz
=300  \\$a96 pages
=490  \\$aBibliotheca Bibliographica Aureliana$vIX
=590  \\$aMit 25 Faksimiles
=648  \0$a16th Century (1501-1600)$1http://www.wikidata.org/entity/Q7017$920944
=650  \0$aBibliography$1http://www.wikidata.org/entity/Q134995$93965
=650  \0$aMusic theory$1http://www.wikidata.org/entity/Q193544$92662
=942  \\$cBOO
=952  \\$00$10$2ddc$40$6BIB_3_000000000000000_DAVI$70$8BIB$96776$aORPH$bORPH$cKTS0$d2020-07-08$eKoopman$i37C25$l0$oBIB3 DAVI$p20120567$r2021-01-12 00:00:00$w2021-01-12$yBOO$OKoopman
=999  \\$d6777

