=LDR  01715cam a2200313 a 4500
=001  6778
=005  20250821130544.0
=008  930325m19919999sw\agh\\\b\\\\000\0deng\\
=020  \\$a9177480252 (v. 1)
=020  \\$a9177480260 (v. 2)
=040  \\$aOI
=041  \\$aeng
=100  \\$aDavidsson, Hans$910392$4aut
=245  10$aMatthias Weckmann:$bThe Interpretation of His Organ Music
=260  \\$aStockholm$bGehrmans Musikförlag$c1991
=300  \\$a2 volumes$billustrations, music, facsimiles$c22x29 cm
=490  \\$aSkrifter från Musikvetenskapliga institutionen$v22
=504  \\$aIncludes bibliographical references (v. 1, p. 172-176).
=505  1\$gv. 1. A study of performance practice ; Biography and social aspects ; Manuscripts ; Aspects of interpretation ; Analysis -- v. 2. A practical edition of the free organ works
=600  \0$aWeckmann, Matthias$d1616?-1674$1http://www.wikidata.org/entity/Q526500$910393
=648  \0$a17th Century (1601-1700)$1http://www.wikidata.org/entity/Q7016$920923
=650  \0$aOrgan music$1http://www.wikidata.org/entity/Q2003283$91951
=650  \0$aMusic history$1http://www.wikidata.org/entity/Q846047$921373
=651  \0$aGermany$1http://www.wikidata.org/entity/Q183$9155
=700  \2$aWeckmann, Matthias$d1616?-1674$1http://www.wikidata.org/entity/Q526500$910393$4cmp
=942  \\$cBOO
=952  \\$00$10$2ddc$3vol. 1$40$6BIO_WECK_E$70$8BIO$96777$aORPH$bORPH$cKTS1_P$d2020-07-08$eKoopman$i37C02-1$l0$oBIO WECK e$p20120589$r2021-01-12 00:00:00$w2021-01-12$yBOO$OKoopman
=952  \\$00$10$2ddc$3vol. 2$40$6BIO_WECK_E$70$8BIO$913127$aORPH$bORPH$cKTS1_P$d2020-07-08$eKoopman$i37C02-2$l0$oBIO WECK e$p20120588$r2021-01-12 00:00:00$w2021-01-12$yBOO$OKoopman
=999  \\$d6778

