=LDR  01513cam a22002774a 4500
=001  6779
=005  20250120120000.0
=008  030414s2003\\\\enka\\\\\bc\\\001\0\eng\\
=020  \\$a1857099338 (hardback)
=020  \\$a1857099389 (paperback)
=040  \\$aOI
=100  \\$aDavies, David$d-1937$910395
=245  13$aEl Greco /$cessays, David Davies and John H. Elliott ; catalogue entries, Xavier Bray, Keith Christiansen, Gabriele Finaldi with contributions by Marcus Burke and Lois Oliver ; catalogue edited by David Davies.
=260  \\$aLondon :$bNational Gallery Company ;$a[New Haven, Conn.] :$bDistributed by Yale University Press,$cc2003.
=300  \\$a319 p. :$bcol. ill. ;$c33 cm.
=504  \\$aIncludes bibliographical references (p. 301-311) and index.
=600  \0$aGreco,$d1541?-1614$910396
=700  \\$aGreco,$d1541?-1614.$910397
=700  \\$aElliott, J. H.$910398
=710  \\$aMetropolitan Museum of Art (New York City, USA)$1http://www.wikidata.org/entity/Q160236$91275
=710  \\$aNational Gallery (London, United Kingdom)$1http://www.wikidata.org/entity/Q180788$91276
=856  \\$uhttp://www.loc.gov/catdir/enhancements/fy0615/2003105497-b.html$3Contributor biographical information
=856  \\$uhttp://www.loc.gov/catdir/enhancements/fy0615/2003105497-d.html$3Publisher description
=942  \\$cBOO
=952  \\$00$10$2ddc$40$6BIO_GREC_A$70$8BIO$96778$aORPH$bORPH$cKTS1_P$d2020-07-08$eKoopman$i23C10$oBIO GREC a$p20128581$r2021-01-12 00:00:00$w2021-01-12$yBOO$OKoopman
=999  \\$c6779$d6779

