=LDR  01449cam a22003254a 4500
=001  6780
=005  20250821151444.0
=008  060823s2005\\\\ne\ag\\\\b\\\\001\0\eng\c
=010  \\$a  2007416601
=016  \\$aB0626763$2bccb
=020  \\$a9063751990 (cl.)
=020  \\$a9789063751999 (cl.)
=035  \\$a(OCoLC)63127491
=040  \\$aOI
=041  \\$aeng
=100  \\$aDavies, Malcolm$d1952-$4aut$910399
=245  14$aThe Masonic Muse:$bSongs, Music, and Musicians Associated with Dutch Freemasonry, 1730-1806
=260  \\$aUtrecht$bKoninklijke Vereniging voor Nederlandse Muziekgeschiedenis$c2005
=300  \\$a479 pages$billustrations (some color), music$c25 cm
=490  \\$aMuziekhistorische monografieën
=504  \\$aIncludes bibliographical references (p. 461-472) and index.
=648  \0$1http://www.wikidata.org/entity/Q7015$a18th Century (1701-1800)$920899
=648  \0$1http://www.wikidata.org/entity/Q6955$a19th Century (1801-1900)$920935
=650  \0$aFreemasonry$1http://www.wikidata.org/entity/Q41726$926207
=650  10$aSong$1http://www.wikidata.org/entity/Q7366$94164
=650  \0$aMusic history$1http://www.wikidata.org/entity/Q846047$921373
=651  \0$aNetherlands$1http://www.wikidata.org/entity/Q55$9173
=942  \\$cBOO
=952  \\$00$10$2ddc$40$6TOP_NL_5_000000000000000$70$8TOP$96779$aORPH$bORPH$cKTS0$d2020-07-08$eKoopman$i35E04$l0$oTOP NL 5$p20122509$r2021-01-12 00:00:00$w2021-01-12$yBOO$OKoopman
=999  \\$d6780

