=LDR  01778cam a22003374a 4500
=001  6781
=005  20250120120006.0
=008  040518s2004\\\\fr\a\\\\\b\\\\001\0\fre\\
=020  \\$a2271061679
=040  \\$aOI
=100  \\$aDavy-Rigaux, Cécile$910400
=245  10$aGuillaume-Gabriel Nivers :$bun art du chant grégorien sous le règne de Louis XIV /$cCécile Davy-Rigaux.
=246  30$aArt du chant grégorien sous le règne de Louis XIV
=260  \\$aParis :$bCNRS éditions,$cc2004.
=300  \\$a516 p. :$bill. ;$c24 cm.
=504  \\$aIncludes list of writings and music by Nivers (p. 413-424), bibliographical references (p. 425-457), and index.
=600  \0$aNivers, Guillaume-Gabriel$d1632-1714$1http://www.wikidata.org/entity/Q716279$97673
=650  \0$aPlainchant$1http://www.wikidata.org/entity/Q2707688$921363
=650  \0$aPlainchant$1http://www.wikidata.org/entity/Q2707688$921363
=650  \0$aChurch music$1http://www.wikidata.org/entity/Q8812109$92283
=650  \0$aChurch music$1http://www.wikidata.org/entity/Q8812109$92283
=650  \0$aChurch music$y16th century.$1http://www.wikidata.org/entity/Q8812109$92283
=650  \0$aChurch music$y16th century.$1http://www.wikidata.org/entity/Q8812109$92283
=942  \\$cBOO
=952  \\$00$10$2ddc$40$6BIO_NIVE_E$70$8BIO$96780$aORPH$bORPH$cKTS1_P$d2020-07-08$eKoopman$i34E21$oBIO NIVE e$p20120807$r2021-01-12 00:00:00$w2021-01-12$yBOO$OKoopman
=999  \\$c6781$d6781
=490  \\$aCollection Sciences de la musique.
=651  \0$aFrance$1http://www.wikidata.org/entity/Q142$9131
=648  \0$a17th Century (1601-1700)$1http://www.wikidata.org/entity/Q7016$920923
=650  \0$aMusic history$1http://www.wikidata.org/entity/Q846047$921373
=650  \0$aCatholicism$1http://www.wikidata.org/entity/Q1841$921631

