=LDR  01738aaa a2200265   4500
=001  6783
=008  250902r19601845|||g||||\f|||\00|\0\eng\d
=041  \\$aeng
=100  \\$aDay, Alfred$d1810-1849$1http://www.wikidata.org/entity/Q18559684$4aut$910403
=245  \\$aA Treatise on Harmony by Alfred Day 1845 - Alfred Day's Treatise on Harmony edited, with an appendix by G.A. Macfarren: Chapter XIV: Of the progression of parts in chromatic harmony - appendix to chapter XIV
=260  \\$aStrasbourg$bHeitz$c1960
=260  \\$aLondon$bHarrison$c1885
=300  \\$a[vi]-99-16 pages$bfolded pages
=490  \\$aSammlung Musikwissenschaftlicher Abhandlungen begründet von K. Nef, Basel$v39a
=500  \\$aSee 23G18-1 for Vol.39 "Die Entwicklung der Musiktheorie in England nach der Zeit von Jean-Philippe Rameau - zweiter Teil" to which this is an Appendix.
=590  \\$aAppendix to/Faksimile-Ergänzungsband zu Vol.39 "Die Entwicklung der Musiktheorie in England nach der Zeit von Jean-Philippe Rameau - zweiter Teil"
=648  \0$a19th Century (1801-1900)$1http://www.wikidata.org/entity/Q6955$920935
=650  \0$aMethod$1http://www.wikidata.org/entity/Q2250960$921402
=650  \0$aHarmony$1http://www.wikidata.org/entity/Q184421$92358
=650  \0$aMusic theory$1http://www.wikidata.org/entity/Q193544$92662
=651  \0$aUnited Kingdom$1http://www.wikidata.org/entity/Q21$1http://www.wikidata.org/entity/Q145$9273
=700  \\$aMacfarren, George Alexander $d1813–1887$1http://www.wikidata.org/entity/Q1374708$4edt$918598
=942  \\$cBOO
=952  \\$00$10$2ddc$40$6TOP_GB_6_000000000000000$70$8TOP$96782$aORPH$bORPH$cKTS0$d2020-07-08$eKoopman$i23G18-2$l0$oTOP GB 6$p20125769$r2021-01-12 00:00:00$w2021-01-12$yBOO$OKoopman
=999  \\$d6783

