=LDR  01450aam a2200253   4500
=001  6784
=008  250604m19401937|||a||||\b|||\00|\0\eng\d
=041  \\$aeng
=245  \\$aEnglish Song-Books 1651-1702 :$bA Bibliography
=260  \\$c1940 $aLondon$bBibliographical Society$bOxford University Press
=300  \\$axxi-439 pages
=500  \\$aCyrus Lawrence Day (1900–1968) was professor emeritus of English at the University of Delaware. His publications include The Songs of John Dryden and The Art of Knotting and Splicing.
=590  \\$awith a first-line index of songs
=648  \0$a17th Century (1601-1700)$1http://www.wikidata.org/entity/Q7016$920923
=650  \0$aBook$1http://www.wikidata.org/entity/Q571$92285
=650  \0$aVocal music$1http://www.wikidata.org/entity/Q685884$93319
=650  \0$aBibliography$1http://www.wikidata.org/entity/Q134995$93965
=650  \0$aSong$1http://www.wikidata.org/entity/Q7366$94164
=651  \0$aUnited Kingdom$1http://www.wikidata.org/entity/Q21$1http://www.wikidata.org/entity/Q145$9273
=700  \\$aDay, Cyrus Lawrence$d1900-1968$1http://www.wikidata.org/entity/Q52156978$4aut$910404
=700  \\$aBoswell Murrie, Eleanore $d1897-1966$1http://www.wikidata.org/entity/Q99522651$4aut$940310
=942  \\$cBOO
=952  \\$00$10$2ddc$40$6BIB_4_000000000000000_GB_5$70$8BIB$96783$aORPH$bORPH$cKTS0$d2020-07-08$eKoopman$i43E28$l0$oBIB4 GB 5$p20127130$r2021-01-12 00:00:00$w2021-01-12$yBOO$OKoopman
=999  \\$d6784

