=LDR  00376    a2200109   4500
=001  6786
=100  \\$aDe Graaf$910406
=245  \\$aA significant group of books by Hugo Grotius
=260  \\$c/
=942  \\$cBOO
=952  \\$00$10$2ddc$40$6BIO_GROT_C$70$8BIO$96785$aORPH$bORPH$cKTS1_P$d2020-07-08$eKoopman$i42F25$l0$oBIO GROT c$p20121989$r2021-01-12 00:00:00$w2021-01-12$yBOO$OKoopman
=999  \\$c6786$d6786

