=LDR  01166    a2200241   4500
=001  6789
=008  211201s1969\\\\\\\g||||\||||\00|\0deng\d
=041  \\$aeng
=100  \\$aDean, Winton$d1916-2013$4aut$910409
=245  \\$aHändel and the Opera Seria
=260  \\$aBerkeley, CA$aLos Angeles, CA$bUniversity of California Press$c1969
=490  \\$aErnest Bloch Lectures$v1
=600  \0$aHandel, George Frideric$d1685-1759$1http://www.wikidata.org/entity/Q7302$94765
=648  \0$a18th Century (1701-1800)$1http://www.wikidata.org/entity/Q7015$920899
=650  \0$aComposer$1http://www.wikidata.org/entity/Q36834$93625
=650  \0$aOpera$1http://www.wikidata.org/entity/Q1344$92468
=650  \0$aMusical analysis$1http://www.wikidata.org/entity/Q1544924$92775
=651  \0$aVenice (Italy)$1http://www.wikidata.org/entity/Q641$91
=651  \0$aFlorence (Italy)$1http://www.wikidata.org/entity/Q2044$9248
=651  \0$aLondon (United Kingdom)$1http://www.wikidata.org/entity/Q84$9123
=942  \\$cBOO
=952  \\$00$10$2ddc$40$6BIO_HAND_E$70$8BIO$96788$aORPH$bORPH$cKTS1_P$d2020-07-08$eKoopman$i32E25$oBIO HAND e$p20122842$r2021-01-12 00:00:00$w2021-01-12$yBOO
=999  \\$d6789

