=LDR  01666cam a22003378i 4500
=001  6790
=005  20250121142121.0
=008  171107s1987\\\\\\\gf\\\\b\\\\001\0deng\\
=040  \\$aOI
=041  \\$aeng
=245  10$aHandel's Operas, 1704-1726
=264  \1$aOxford$bClarendon$c1987
=490  \\$aHandel's Operas$v1
=504  \\$aIncludes bibliographical references and index.
=600  \0$aHandel, George Frideric$d1685-1759$1http://www.wikidata.org/entity/Q7302$94765
=610  \0$aOper am Gänsemarkt (Hamburg, Germany)$1http://www.wikidata.org/entity/Q317455$923182
=610  \0$aKing's Theatre (London, United Kingdom)$1http://www.wikidata.org/entity/Q1155331$91409
=610  \0$aTeatro San Giovanni Grisostomo (Venice, Italy)$1http://www.wikidata.org/entity/Q3982047$923181
=648  \0$a18th Century (1701-1800)$1http://www.wikidata.org/entity/Q7015$920899
=650  \0$aComposer$1http://www.wikidata.org/entity/Q36834$93625
=650  \0$aOpera$1http://www.wikidata.org/entity/Q1344$92468
=651  \0$aHamburg (Germany)$1http://www.wikidata.org/entity/Q1055$921940
=651  \0$aHamburg (Germany)$1http://www.wikidata.org/entity/Q1055$921940
=651  \0$aVenice (Italy)$1http://www.wikidata.org/entity/Q641$91
=651  \0$aFlorence (Italy)$1http://www.wikidata.org/entity/Q2044$9248
=651  \0$aLondon (United Kingdom)$1http://www.wikidata.org/entity/Q84$9123
=700  \\$aDean, Winton$d1916-2013$4aut$910409
=700  \\$aKnapp, J. Merrill$4aut$923173
=942  \\$cBOO
=952  \\$00$10$2ddc$40$6BIO_HAND_E$70$8BIO$96789$aORPH$bORPH$cKTS1_P$d2020-07-08$eKoopman$i32E31$oBIO HAND e$p20122836$r2021-01-12 00:00:00$w2021-01-12$yBOO
=999  \\$d6790

