=LDR  01052aam a2200229   4500
=001  6791
=008  211201s1959\\\\\\\g||||\||||\00|\0deng\d
=020  \\$a0193152037
=041  \\$aeng
=100  \\$aDean, Winton$d1916-2013$4aut$910409
=245  \\$aHandel's Dramatic Oratorios and Masques
=260  \\$aOxford$bOxford University Press$c1959
=600  \0$aHandel, George Frideric$d1685-1759$1http://www.wikidata.org/entity/Q7302$94765
=648  \0$a18th Century (1701-1800)$1http://www.wikidata.org/entity/Q7015$920899
=650  \0$aComposer$1http://www.wikidata.org/entity/Q36834$93625
=650  \0$aOratorio$1http://www.wikidata.org/entity/Q85477$91825
=650  \0$aMasque$1http://www.wikidata.org/entity/Q2207959$923174
=651  \0$aRome (Italy)$1http://www.wikidata.org/entity/Q220$949
=651  \0$aLondon (United Kingdom)$1http://www.wikidata.org/entity/Q84$9123
=942  \\$cBOO
=952  \\$00$10$2ddc$40$6BIO_HAND_E$70$8BIO$96790$aORPH$bORPH$cKTS1_P$d2020-07-08$eKoopman$i32E32$oBIO HAND e$p20122835$r2021-01-12 00:00:00$w2021-01-12$yBOO
=999  \\$d6791

