=LDR  00795pam a2200217 a 4500
=001  6792
=003  OSt
=005  20250120120028.0
=008  891108s1990\\\\enkaf\\\\b\\\\001\0\eng\\
=020  \\$a0193152657 :$c£25.00
=040  \\$aOI
=041  \\$aeng
=100  \\$aDean, Winton$d1916-2013$4aut$910409
=245  10$aEssays on Opera
=260  \\$aOxford$bClarendon Press$aNew York$bOxford University Press$c1990
=300  \\$ax-323 pages$billustrations; [12] pages of plates$c25 cm
=504  \\$aIncludes bibliographical references and index.
=650  \0$aOpera$1http://www.wikidata.org/entity/Q1344$92468
=942  \\$cBOO
=952  \\$00$10$2ddc$40$6GEN_16_000000000000000$70$8GEN$96791$aORPH$bORPH$cKM12_1$d2020-07-08$eKoopman$i45A27$oGEN16$p20127421$r2021-01-12 00:00:00$w2021-01-12$yBOO
=999  \\$d6792

