=LDR  02028cam a22003254a 4500
=001  6793
=005  20251010154031.0
=008  100517s2006\\\\enkaefg\\b\\\\001\0\eng\c
=020  \\$a1843832682 (hbk. : alk. paper)
=020  \\$a9781843832683 (hbk. : alk. paper)
=040  \\$aOI
=041  \\$aeng
=100  \\$aDean, Winton$d1916-2013$4aut$910409
=245  10$aHandel's Operas, 1726-1741
=260  \\$aWoodbridge$aRochester, NY$bBoydell$c2006
=300  \\$axx-565 pages$billustrations, plans, music; [16] pages of plates$c24 cm
=490  \\$aHandel's Operas$v2
=504  \\$aIncludes bibliographical references (p. [541]-545) and indexes.
=505  00$tThe rival queens 1726-1728 --$tAlessandro --$tAdmeto, re di Tessaglia --$tRiccardo primo, re d'Inghlaterra --$tSiroe, re di Persia --$tTolomeo, re di Egitto --$tThe 'second academy' 1729-1734 --$tLotario --$tPartenope --$tPoro, Re dell'Indie --$tEzio --$tSosarme, re di Media --$tOrlando --$tArianna in Creta --$tCovent Garden 1734-1737 --$tAriodante --$tAlcina --$tAtalanta --$tArminio --$tGiustino --$tBerenice, regina di Egitto --$tThe last operas 1738-1741 --$tFaramondo --$tSerse --$tImeneo --$tDeidamia.
=600  \0$aHandel, George Frideric$d1685-1759$1http://www.wikidata.org/entity/Q7302$94765
=610  \0$aKing's Theatre (London, United Kingdom)$1http://www.wikidata.org/entity/Q1155331$91409
=610  \0$aRoyal Opera House (London, United Kingdom)$1http://www.wikidata.org/entity/Q55018$923031
=648  \0$a18th Century (1701-1800)$1http://www.wikidata.org/entity/Q7015$920899
=650  00$aComposer$1http://www.wikidata.org/entity/Q36834$93625
=650  00$aOpera$1http://www.wikidata.org/entity/Q1344$92468
=650  00$aMusic history$1http://www.wikidata.org/entity/Q846047$921373
=651  \0$aLondon (United Kingdom)$1http://www.wikidata.org/entity/Q84$9123
=942  \\$cBOO
=952  \\$00$10$2ddc$40$6BIO_HAND_E$70$8BIO$96792$aORPH$bORPH$cKTS1_P$d2020-07-08$eKoopman$i46A22$oBIO HAND e$p20127575$r2021-01-12 00:00:00$w2021-01-12$yBOO
=999  \\$d6793

