=LDR  00855    a2200217   4500
=001  6794
=008  210922s1948\\\\\\\|||||\||||\00|\1\dut\d
=041  \\$adut
=245  \\$aHet volksboek van Ulenspieghel
=260  \\$aAntwerp$bNederlandsche Boekhandel$c1948
=300  \\$a74 pages
=490  \\$aKlassieke galerij$v42
=500  \\$aLargely uncut exemplar
=590  \\$aIngeleid en van aantekeningen voorzien door L. Debaene & P. Heyns
=650  \0$aLiterature$1http://www.wikidata.org/entity/Q8242$94439
=651  \0$aFlanders (Belgium)$1http://www.wikidata.org/entity/Q234$989
=700  \\$4cmm$4win$aDebaene, L.$910412
=700  \\$4cmm$4win$aHeyns, Pol$920662
=942  \\$cBOO
=952  \\$00$10$2ddc$40$6LIT_ULEN_B_DEBA$70$8LIT$96793$aORPH$bORPH$cKM12_2_H$d2020-07-08$eKoopman$i40F34$oLIT ULEN b DEBA$p20120224$r2021-01-12 00:00:00$w2021-01-12$yBOO
=999  \\$d6794

