=LDR  00958aam a2200217   4500
=001  6795
=005  20251003085456.0
=008  230703s1964\\\\||||||||\||||\00|\0dger\d
=041  \\$ager
=100  \\$aDebes, L. H.$910413$4aut
=245  \\$aDie musikalischen Werke von Claudio Merulo (1533-1604):$bQuellennachweis und thematischer Katalog
=260  \\$aWürzburg$c1964
=500  \\$aDissertation
=600  \0$1http://www.wikidata.org/entity/Q380517$aMerulo, Claudio$d1533-1604$97220
=648  \0$1http://www.wikidata.org/entity/Q7017$a16th Century (1501-1600)$920944
=650  \0$1http://www.wikidata.org/entity/Q36834$aComposer$93625
=650  \0$1http://www.wikidata.org/entity/Q2352616$aCatalogue$921484
=651  \0$1http://www.wikidata.org/entity/Q38$aItaly$922
=942  \\$cBOO
=952  \\$00$10$2ddc$40$6BIO_MERU_C$70$8BIO$96794$aORPH$bORPH$cKTS1_P$d2020-07-08$eKoopman$i41E01$l0$oBIO MERU c$p20122113$r2021-01-12 00:00:00$w2021-01-12$yBOO$OKoopman
=999  \\$d6795

