=LDR  00616aam a2200157   4500
=001  6797
=008  210402s1926\\\\\\\|||||\||||\00|\0\fre\d
=041  \\$afre
=100  \\$aDebussy, Claude$d1862-1918$4aut$1http://www.wikidata.org/entity/Q4700$918776
=245  \\$aMonsieur Croche: Antidilettante
=260  \\$c1926$aParis$bLibrairie Gallimard
=300  \\$a209 pages
=650  \0$aMusic criticism$1http://www.wikidata.org/entity/Q11748889$921598
=942  \\$cBOO
=952  \\$00$10$2ddc$40$6TRE_DEBU$70$8TRE$96796$aORPH$bORPH$cKTS1_H$d2020-07-08$eKoopman$i31D13$l0$oTRE DEBU$p20121072$r2021-01-12 00:00:00$w2021-01-12$yBOO
=999  \\$d6797

