=LDR  01496cam a22002775i 4500
=001  6799
=008  130912s1990\\\\gw\ga||\\b\\\|||0\0|ger\|
=041  \\$ager
=100  \\$4aut$aDefant, Christine$d1924- $910420
=245  00$aInstrumentale Sonderformen in Norddeutschland.$bEine Studie zu den Auswirkungen eines Theologenstreites auf Werke der Organisten Weckmann, Reincken und Buxtehude
=264  \1$aBern$bLang$c1990
=300  \\$a130 pages
=490  1\$aEuropäische Hochschulschriften, Reihe XXXVI$v41
=600  \0$aWeckmann, Matthias$d1616?-1674$1http://www.wikidata.org/entity/Q526500$910393
=600  \0$aReincken, Johann Adam$d1623-1722$1http://www.wikidata.org/entity/Q526500$923014
=600  \0$aBuxtehude, Dietrich$d1637-1707$1http://www.wikidata.org/entity/Q153637$910062
=648  \0$a17th Century (1601-1700)$1http://www.wikidata.org/entity/Q7016$920923
=650  \0$aOrgan music$1http://www.wikidata.org/entity/Q2003283$91951
=650  \0$aInstrumental music$1http://www.wikidata.org/entity/Q639197$92106
=650  \0$aInfluence$1http://www.wikidata.org/entity/Q1307337$922289
=650  \0$aTheology$1http://www.wikidata.org/entity/Q34178$93009
=650  \0$aLutheranism$1http://www.wikidata.org/entity/Q75809$923975
=651  \0$aGermany$1http://www.wikidata.org/entity/Q183$9155
=942  \\$cBOO
=952  \\$00$10$2ddc$40$6TOP_DE_5_000000000000000$70$8TOP$96798$aORPH$bORPH$cKTS0$d2020-07-08$eKoopman$i25E16$oTOP DE 5$p20129357$r2021-01-12 00:00:00$w2021-01-12$yBOO
=999  \\$d6799

