=LDR  01417cam a2200277 a 4500
=001  6800
=005  20250120120543.0
=008  860410s1985\\\\gw\ag\\\\b\\\\000\0\ger\\
=020  \\$a3820485147
=040  \\$aOI
=041  \\$ager
=100  \\$aDefant, Christine$d1924- $910420$4aut
=245  10$aKammermusik und Stylus phantasticus.$bStudien zu Dietrich Buxtehudes Triosonaten
=260  \\$aFrankfurt am Main$aNew York$bLang$c1985
=300  \\$a514 pages$billustrations, music$c22 cm
=490  1\$aEuropäische Hochschulschriften. Reihe XXXVI, Musikwissenschaft = Publications universitaires européennes. Série XXXVI, Musicologie = European university studies. Series XXXVI, Musicology$x0721-3611$v14
=504  \\$aBibliography: p. 501-514.
=600  \0$aBuxtehude, Dietrich$d1637-1707$1http://www.wikidata.org/entity/Q153637$910062
=648  \0$a17th Century (1601-1700)$1http://www.wikidata.org/entity/Q7016$920923
=650  \0$aTrio sonata$1http://www.wikidata.org/entity/Q903425$921654
=650  \0$aStylus phantasticus$1http://www.wikidata.org/entity/Q1891058$923505
=650  \0$aMusical analysis$1http://www.wikidata.org/entity/Q1544924$92775
=651  \0$aGermany$1http://www.wikidata.org/entity/Q183$9155
=942  \\$cBOO
=952  \\$00$10$2ddc$40$6BIO_BUXT_E$70$8BIO$96799$aORPH$bORPH$cKTS1_P$d2020-07-08$eKoopman$i34B09$l0$oBIO BUXT e$p20122608$r2021-01-12 00:00:00$w2021-01-12$yBOO$OKoopman
=999  \\$d6800

