=LDR  01687cam a2200349 i 4500
=001  6801
=005  20250227085353.0
=008  781027s1978\\\\enk\\\\\\b\\\\000\1\eng\\
=015  \\$aGB78-07052
=020  \\$a0140431071 :$c£0.80 ($1.95 U.S.)
=040  \\$aOI
=100  \\$aDefoe, Daniel$d1661?-1731$1http://www.wikidata.org/entity/Q40946$910422
=245  14$aThe fortunes and misfortunes of the famous Moll Flanders /$cDaniel Defoe ; edited with an introduction by Juliet Mitchell.
=260  \\$aHarmondsworth :$bPenguin,$c1978.
=300  \\$a317 p. ;$c19 cm.
=490  0\$aPenguin English library
=504  \\$aIncludes bibliographical references.
=650  \0$aLiterature$1http://www.wikidata.org/entity/Q8242$94439
=650  \0$aLiterature$1http://www.wikidata.org/entity/Q8242$94439
=650  \0$aLiterature$1http://www.wikidata.org/entity/Q8242$94439
=651  \0$aUnited Kingdom$1http://www.wikidata.org/entity/Q21$9273
=650  \0$aLiterature$1http://www.wikidata.org/entity/Q8242$94439
=650  \0$aLiterature$1http://www.wikidata.org/entity/Q8242$94439
=650  \0$aLiterature$1http://www.wikidata.org/entity/Q8242$94439
=650  \0$aLiterature$1http://www.wikidata.org/entity/Q8242$94439
=650  \0$aLiterature$1http://www.wikidata.org/entity/Q8242$94439
=651  \0$aOrkney Islands (United Kingdom)$1http://www.wikidata.org/entity/Q100166$9181
=700  \\$aMitchell, Juliet$d1940-$910423
=942  \\$cBOO
=952  \\$00$10$2ddc$40$6LIT_DEFO_A$70$8LIT$96800$aORPH$bORPH$cKM12_2_H$d2020-07-08$eKoopman$i40A06$oLIT DEFO a$p20120355$r2021-01-12 00:00:00$w2021-01-12$yBOO
=999  \\$c6801$d6801
=651  \0$aUnited Kingdom$1http://www.wikidata.org/entity/Q21$9273

