=LDR  00874cam a2200229 p 4500
=001  6802
=005  20250120120523.0
=008  790123s1978\\\\ne\af\\\\b\\\\001\0\dut\\
=020  \\$a9020907204 :$cfl 69.50
=040  \\$aOI
=041  \\$adut
=100  \\$aDegels, Leon$4aut$910424
=245  10$aRestaureren en verzamelen van schilderijen en houtsnijwerk
=260  \\$aTielt$bLannoo$c1978
=300  \\$a190-[68] pages$bill.$c23 cm
=504  \\$aBibliography: p. 179.
=650  \0$aConservation and restoration$1http://www.wikidata.org/entity/Q217102$922845
=650  \0$aCollecting$1http://www.wikidata.org/entity/Q208165$92117
=650  \0$aFine art$1http://www.wikidata.org/entity/Q219625$921579
=942  \\$cBOO
=952  \\$00$10$2ddc$40$6VIS_DEGE$70$8VIS$96801$aORPH$bORPH$cKTS1_H$d2020-07-08$eKoopman$i45D17$oVIS DEGE$p20127313$r2021-01-12 00:00:00$w2021-01-12$yBOO
=999  \\$d6802

