=LDR  00719    a2200181   4500
=001  6803
=008  220128r19051989gw\h||||\||||\00|\0\ger\d
=041  \\$ager
=100  \\$aDegering, Hermann$d1866-1942$4aut$910425
=245  \\$aDie Orgel.$bIhre Erfindung und ihre Geschichte bis zur Karolingerziet
=260  \\$c1989$aBuren$bFrits Knuf
=300  \\$a86 pages-8 plates
=336  \\$aprinted
=650  \0$aOrgan$1http://www.wikidata.org/entity/Q1444$92810
=650  \0$aOrgan music$1http://www.wikidata.org/entity/Q2003283$91951
=942  \\$cBOO
=952  \\$00$10$2ddc$40$6INS_3_000000000000000_1A$70$8INS$96802$aORPH$bORPH$cKTS0$d2020-07-08$eKoopman$l1$oINS3.1a$p20120046$r2022-05-19 00:00:00$s2022-05-19$w2021-01-12$yBOO
=999  \\$d6803

