=LDR  04208cam a2200529 i 4500
=001  6804
=005  20250926134854.0
=008  790530s1978\\\\gw\a\\\\\b\\\\010\0\ger\\
=020  \\$a3883520144
=040  \\$aOI
=041  0\$ager$aeng
=100  \\$aWalcha, Helmut$d1907-1991$1http://www.wikidata.org/entity/Q133677$4dte$910426
=245  00$aBachstunden:$bFestschrift für Helmut Walcha zum 70. Geburtstag überreicht von seinen Schülern
=260  \\$aFrankfurt am Main$bEvangelischer Presseverband in Hessen und Nassau$c1978
=300  \\$a187 pages$billustrations$c23 cm
=504  \\$aIncludes bibliographical references, such as a bibliography of H. Walcha's works: p. [179]-181.
=505  \\$gHelmut Walchas Frankfurter Bachstunden / Gottlob Ritter -- Johann Sebastian Bachs Einlagesätze zum Magnificant. Beobachtungen und Überlegungen zu ihrer Herkunft / Albrecht Tunger -- The Orgelbüchlein: Bach's Organ Method / Delbert Disselhorst -- Eine Schulaufführung des Musikalischen Opfers von Johann Sebastian Bach / Eduard Bruggaier -- Zur GEschichte der Orgel in der Obersten Stadtkirche in Iserlohn / Gotthard Gerber -- A Description of the Ochsenhausen Manuscript (1735) / Charles Krigbaum -- Das ungleitstufige, wohltemperierte Tonsystem / Herbert Anton Kellner -- Beobachunten am Autograph von Bachs Wohltemperierten Klavier I / Walther Dehnhard -- ben marcato – Max Regers Bemühungen um die Erkennbarkeit musikalischer Strukturen / Wolfgang Herbst -- Orlando di Lasso's Unterkapellmeister Johann de Fossa / Egbert Ennulat -- Begegnung von Sprache und Musik. Dargestellt am Beispiel einer Schütz-Motette / Martin Lange -- Von der harmonikalen Ordnung der Schöpfung / Friedrich Zipp -- Halmut Walcha; Artist-Teacher – Zwei Fragmente and A New Attempt / Paul Jordan -- Helmut Walchas Lebenslauf / Ursula Wacha -- Verzeichnis der Kompositionen, Ausgaben und Aufsätze von Helmut Walcha / Renate Meierjürgen -- Tabula gratulatoria
=600  \0$aLassus, Orlandus$d1530/32-1594$1http://www.wikidata.org/entity/Q154792$96856
=600  \0$aSchütz, Heinrich$d1585-1672$1http://www.wikidata.org/entity/Q153643$97240
=600  \0$aBach, Johann Sebastian$d1685-1750$1http://www.wikidata.org/entity/Q1339$94766
=600  \0$aReger, Max$d1873-1916$1http://www.wikidata.org/entity/Q57139$918199
=600  \0$aWalcha, Helmut$d1907-1991$1http://www.wikidata.org/entity/Q133677$910426
=610  \0$aMarienkirche (Iserlohn)$1http://www.wikidata.org/entity/Q1461124$927780
=648  \0$a17th Century (1601-1700)$1http://www.wikidata.org/entity/Q7016$920923
=648  \0$a18th Century (1701-1800)$1http://www.wikidata.org/entity/Q7015$920899
=648  \0$a19th Century (1801-1900)$1http://www.wikidata.org/entity/Q6955$920935
=648  \0$a20th Century (1901-2000)$1http://www.wikidata.org/entity/Q6927$920936
=650  \0$aOrganist$1http://www.wikidata.org/entity/Q765778$94471
=650  \0$aComposer$1http://www.wikidata.org/entity/Q36834$93625
=650  \0$aLegacy$1http://www.wikidata.org/entity/Q623282$922131
=650  \0$aEarly music$1http://www.wikidata.org/entity/Q436016$93160
=650  \0$aTeaching$1http://www.wikidata.org/entity/Q352842$923444
=650  \0$aConcert$1http://www.wikidata.org/entity/Q182832$921044
=650  \0$aHarmony of the spheres$1http://www.wikidata.org/entity/Q1478979$92786
=650  \0$aMotet$1http://www.wikidata.org/entity/Q188285$92028
=650  \0$aProsody$1http://www.wikidata.org/entity/Q7250675$926155
=650  \0$aManuscript$1http://www.wikidata.org/entity/Q87167$92275
=650  \0$aOrganology$1http://www.wikidata.org/entity/Q899293$921400
=650  \0$aOrgan$1http://www.wikidata.org/entity/Q1444$92810
=650  \0$aDas wohltemperierte Klavier$1http://www.wikidata.org/entity/Q211971$924051
=650  \0$aTuning$1http://www.wikidata.org/entity/Q858576$921655
=651  \0$aGermany$1http://www.wikidata.org/entity/Q183$9155
=700  \\$aDehnhard, Walther$4edt$910427
=700  \\$aRitter, Gottlob$910428$4edt
=942  \\$cBOO
=952  \\$00$10$40$6BIO_BACH1_E$70$8BIO$96803$aORPH$bORPH$cKTS1_P$d2020-07-08$eKoopman$i32A07$l1$oBIO BACH1 e$p20120999$r2024-11-04 12:53:48$s2024-10-16$w2021-01-12$yBOO$OKoopman
=999  \\$d6804

