=LDR  01194aam a2200229   4500
=001  6805
=008  250122s2009\\\\||||||||\||||\00|\0bger\d
=020  \\$a9783838102535
=041  \\$ager
=100  \\$aDeinhammer, P.$910429$4aut
=245  \\$aJoseph Balthasar Hochreither (1669-1731):$bEine Biographie. Mit besonderer Berücksichtigung seines Wirkens im Benediktinerstift Lambach
=260  \\$aSaarbrücken$bSüdwestdeutscher Verlag für Hochschulschriften$c2009
=600  \0$aHochreither, Joseph Balthasar$d1669-1731$1http://www.wikidata.org/entity/Q1706569$939552
=648  \0$a17th Century (1601-1700)$1http://www.wikidata.org/entity/Q7016$920923
=648  \0$a18th Century (1701-1800)$1http://www.wikidata.org/entity/Q7015$920899
=650  \0$aComposer$1http://www.wikidata.org/entity/Q36834$93625
=650  \0$aOrganist$1http://www.wikidata.org/entity/Q765778$94471
=650  \0$aBiography$1http://www.wikidata.org/entity/Q36279$91927
=651  \0$aAustria$1http://www.wikidata.org/entity/Q40$9202
=942  \\$cBOO
=952  \\$00$10$2ddc$40$6BIO_HOCH_D$70$8BIO$96804$aORPH$bORPH$cKTS1_P$d2020-07-08$eKoopman$i42A11$oBIO HOCH d$p20122142$r2021-01-12 00:00:00$w2021-01-12$yBOO$OKoopman
=999  \\$d6805

