=LDR  00373    a2200121   4500
=001  6807
=020  \\$a9789082659108
=100  \\$aDekker, L.$910432
=245  \\$aDirck van Babburen
=260  \\$c2017
=942  \\$cBOO
=952  \\$00$10$2ddc$40$6BIO_BABU_D$70$8BIO$96806$aORPH$bORPH$cKTS1_P$d2020-07-08$eKoopman$i47F21$oBIO BABU d$p20123789$r2021-01-12 00:00:00$w2021-01-12$yBOO
=999  \\$c6807$d6807

