=LDR  00698aam a2200181   4500
=001  6809
=008  240102s1946\\\\|||a||||\||||\00|\0\dut\d
=041  \\$adut
=100  \\$aDelen, A. J. J.$4aut$910434
=245  \\$aDe Vlaamsche kunst
=260  \\$aAmsterdam$bContact$c1946
=300  \\$a136 pages, 186 plates
=490  \\$aDe schoonheid van ons land$vBeeldende kunsten
=650  \0$aFine art$1http://www.wikidata.org/entity/Q219625$921579
=651  \0$aFlanders (Belgium)$1http://www.wikidata.org/entity/Q234$989
=942  \\$cBOO
=952  \\$00$10$2ddc$40$6TOP_BE_FLA$70$8TOP$96808$aORPH$bORPH$cKTS0$d2020-07-08$eKoopman$i34C07$l0$oTOP BE.FLA$p20122580$r2021-01-12 00:00:00$w2021-01-12$yBOO$OKoopman
=999  \\$d6809

