=LDR  01049cam a2200253 a 4500
=001  6810
=005  20250120120010.0
=008  040428s2003\\\\ne\a\\\\\b\\\\001\0\dut\\
=020  \\$a9040087806
=040  \\$aOI
=041  \\$adut
=245  00$aBibliopolis:$bgeschiedenis van het gedrukte boek in Nederland
=260  \\$aZwolle$bWaanders$aDen Haag$bKoninklijke Bibliotheek$c2003
=300  \\$a317 pages$bill. (some col.)$c25 cm
=504  \\$aIncludes bibliographical references (p. 255-283) and indexes.
=648  \0$aPast$1http://www.wikidata.org/entity/Q192630$922196
=650  \0$aBook$1http://www.wikidata.org/entity/Q571$92285
=650  \0$aPrinting$1http://www.wikidata.org/entity/Q11034$921936
=651  \0$aNetherlands$1http://www.wikidata.org/entity/Q55$9173
=700  \\$aDelft, Marieke van$4edt$910435
=700  \\$aWolf, Clemens de$4edt$910436
=942  \\$cBOO
=952  \\$00$10$2ddc$40$6BIB_4_000000000000000_NL$70$8BIB$96809$aORPH$bORPH$cKTS0$d2020-07-08$eKoopman$i33C14$oBIB4 NL$p20123012$r2021-01-12 00:00:00$w2021-01-12$yBOO
=999  \\$d6810

