=LDR  01191cam a22002534a 4500
=001  6811
=005  20251003085456.0
=008  010109s1999\\\\mx\af\\\\b\\\\000\0\spa\\
=041  \\$aspa
=245  10$aOrganos históricos de Oaxaca.$bEstudio y catalogación 
=260  \\$aMéxico$bCONACULTA-INAH $bFomento Cultural Banamex$c1999
=300  \\$a207 pages$bill. (some col.) $c32 cm
=504  \\$aIncludes bibliographical references (p. 204).
=650  \0$aOrgan$1http://www.wikidata.org/entity/Q1444$92810
=650  \0$aCatalogue$1http://www.wikidata.org/entity/Q2352616$921484
=650  \0$aOrganology$1http://www.wikidata.org/entity/Q899293$921400
=651  \0$aMexico$1http://www.wikidata.org/entity/Q96$921717
=651  \0$aOxaca (Mexico)$1http://www.wikidata.org/entity/Q34110$924466
=700  \\$aGómez Castellanos, Ofelia$4edt$910438
=700  \\$aDelgado Parra, Gustavo$4edt$910437
=700  \\$aLeonhardt, Gustav$d1928-2012$4win$1http://www.wikidata.org/entity/Q51584$917151
=942  \\$cBOO
=952  \\$00$10$2ddc$40$6INS_3_000000000000000_1A_MX_OXA$70$8INS$96810$aORPH$bORPH$cKTS0$d2020-07-08$eKoopman$i29F18$oINS3.1a MX.OXA$p20121265$r2021-01-12 00:00:00$w2021-01-12$yBOO
=999  \\$d6811

