=LDR  00906aam a2200205   4500
=001  6812
=005  20251028151040.0
=008  220623s2005\\\\mx\f||||\||||\00|\0\spa\d
=041  \\$aspa
=100  \\$aDelgado Parra, Gustavo$4aut$910437
=245  \\$aLos órganos históricos de la catedral de Mexico
=260  \\$c2005$aMexico$bAcademia Mexicana de Musica Antigua para Organo
=300  \\$a119 pages
=610  \0$aMexico City Metropolitan Cathedral (Mexico)$1http://www.wikidata.org/entity/Q610961$924465
=650  \0$aOrgan$1http://www.wikidata.org/entity/Q1444$92810
=650  \0$aOrganology$1http://www.wikidata.org/entity/Q899293$921400
=651  \0$aMexico$1http://www.wikidata.org/entity/Q96$921717
=942  \\$cBOO
=952  \\$00$10$2ddc$40$6INS_3_000000000000000_1E_MX_MEX$70$8INS$96811$aORPH$bORPH$cKTS0$d2020-07-08$eKoopman$i33G31$oINS3.1e MX.MEX$p20122678$r2021-01-12 00:00:00$w2021-01-12$yBOO
=999  \\$d6812

