=LDR  01172aam a2200241   4500
=001  6813
=005  20251003085456.0
=008  211115s1987\\\\|||aof||\c|||\00|\0\dut\d
=041  \\$adut
=245  \\$aBrugge en de tapijtkunst
=260  \\$aMoeskroen$bDe Poortere$c1987
=300  \\$a559 pages
=500  \\$aDit boek werd uitgegeven naar aanleiding van de tentoonstelling "Meesterwerken van de Brugse tapijtkunst", Brugge Gruuthusemuseum en Memlingmuseum 8 juli - 18 oktober 1987
=650  \0$aApplied arts$1http://www.wikidata.org/entity/Q2865882$921627
=650  \0$aFine art$1http://www.wikidata.org/entity/Q219625$921579
=650  \0$aExhibition$1http://www.wikidata.org/entity/Q464980$925353
=650  \0$aCatalogue$1http://www.wikidata.org/entity/Q2352616$1http://www.wikidata.org/entity/Q6941730$921484
=651  \0$aBruges (Belgium)$1http://www.wikidata.org/entity/Q12994$920963
=700  \\$aDelmarcel, Guy$4aut$910440
=700  \\$aDuverger, Erik$4aut$919145
=942  \\$cBOO
=952  \\$00$10$2ddc$40$6TOP_BE_BRU2_0_000000000000000$70$8TOP$96812$aORPH$bORPH$cKTS0$d2020-07-08$eKoopman$i18A08$oTOP BE.BRU2 0$p20127043$r2021-01-12 00:00:00$w2021-01-12$yBOO
=999  \\$d6813

