=LDR  01189nam a2200289 a 4500
=001  6815
=005  20250605144224.0
=008  040528s2004\\\\be\\\\\\r\\\\\000\0\dut\d
=020  \\$a9076704724
=040  \\$aUGent
=041  \\$adut
=100  \\$4edt$aDe Schepper, Marcus$910407
=245  04$aEen hart voor boeken:$bRubens en zijn bibliotheek
=260  \\$aAntwerpen :$bStad Antwerpen,$c2004.
=300  \\$a124 p.: ill.
=518  \\$oTentoonstelling$d03/03/2004-13/06/2004$pAntwerpen. Museum Plantin-Moretus
=590  \\$asamenst. en eindred.: Marcus de Schepper; artikels van Pierre Delsaerdt e.a.
=600  \0$aRubens, Peter Paul$d1577-1640$1http://www.wikidata.org/entity/Q5599$914413
=648  \0$a17th Century (1601-1700)$1http://www.wikidata.org/entity/Q7016$920923
=651  \0$aAntwerp (Belgium)$1http://www.wikidata.org/entity/Q12892$920974
=655  \7$aCatalogs.
=655  \7$aExhibition catalogs.
=700  \\$4ctb$aDelsaerdt, Pierre$d1963-$910443
=700  1\$0(viaf)39596139
=942  \\$cBOO
=952  \\$00$10$2ddc$40$6BIO_RUBE_E$70$8BIO$96814$aORPH$bORPH$cKTS1_P$d2020-07-08$eKoopman$i25F14$l0$oBIO RUBE e$p20129384$r2021-01-12 00:00:00$w2021-01-12$yBOO
=999  \\$c6815$d6815

