=LDR  01419cam a2200289 a 4500
=001  6816
=005  20250605144504.0
=008  020116s2001\\\\be\a\\\\\b\\\\001\0\dut\d
=020  \\$a9058671690
=041  \\$adut
=100  \\$aDelsaerdt, Pierre$d1963-$4aut$910443
=245  10$aSuam quisque bibliothecam:$bBoekhandel en particulier boekenbezit aan de oude Leuvense universiteit, 16de-18de eeuw
=260  \\$aLeuven$bUniversitaire Pers Leuven$c2001
=300  \\$a861 pages$bill.$c25 cm.
=490  \\$aSymbolæ Facultatis Litterarum Lovaniensis, Series A$v27
=504  \\$aIncludes bibliographical references and index.
=610  \0$aKatholieke Universiteit Leuven (Belgium)$91277
=648  \0$a16th Century (1501-1600)$1http://www.wikidata.org/entity/Q7017$920944
=648  \0$a17th Century (1601-1700)$1http://www.wikidata.org/entity/Q7016$920923
=648  \0$a18th Century (1701-1800)$1http://www.wikidata.org/entity/Q7015$920899
=650  \0$aBook$1http://www.wikidata.org/entity/Q571$92285
=650  \0$aCollecting$1http://www.wikidata.org/entity/Q208165$92117
=650  \0$aLibrary$1http://www.wikidata.org/entity/Q7075$94229
=651  \0$aLeuven (Belgium)$1http://www.wikidata.org/entity/Q118958$926817
=942  \\$cBOO
=952  \\$00$10$2ddc$40$6BIB_4_000000000000000_BE_LEU$70$8BIB$96815$aORPH$bORPH$cKTS0$d2020-07-08$eKoopman$i44F15$l0$oBIB4 BE.LEU$p20126824$r2021-01-12 00:00:00$w2021-01-12$yBOO
=999  \\$d6816

