=LDR  00731    a2200193   4500
=001  6817
=008  211220s1967\\\\|||ab|||\||||\00|\0\fre\d
=041  \\$afre
=100  \\$aDelumeau, Jean$4aut$910444
=245  \\$aLa Civilisation de la Renaissance
=260  \\$aParis$bArthaud$c1967
=300  \\$a720 pages
=490  \\$aLes Grandes civilisations
=648  \0$aRenaissance (1400-1600)$1http://www.wikidata.org/entity/Q4692$920965
=650  \0$aCuckoo$1http://www.wikidata.org/entity/Q18845$922474
=651  \0$aEurope$1http://www.wikidata.org/entity/Q46$991
=942  \\$cBOO
=952  \\$00$10$2ddc$40$6HUM_DELU$70$8HUM$96816$aORPH$bORPH$cKM12_1$d2020-07-08$eKoopman$i40C11$oHUM DELU$p20120277$r2021-01-12 00:00:00$w2021-01-12$yBOO
=999  \\$d6817

