=LDR  01544cam a2200337 a 4500
=001  6818
=005  20250121142121.0
=008  890829r19851961ne\g\\\\\b\\\\000\0\ger\\
=020  \\$a9060274652
=020  \\$a9060274644 (pbk.)
=040  \\$aOI
=041  \\$ager
=100  \\$aDemmler, Fritz$d1916-$910445$4aut
=245  10$aJohann George Tromlitz (1725-1805):$bein Beitrag zur Entwicklung der Flöte und des Flötenspiels
=260  \\$aBuren$bKnuf$c1985
=300  \\$a153 pages$bmusic$c23 cm
=490  \\$aThe Flute Library$v21
=504  \\$aBibliography: p. 11-18.
=600  \0$aTromlitz, Johann George$d1725-1805$1http://www.wikidata.org/entity/Q95697$910446
=648  \0$1http://www.wikidata.org/entity/Q7015$a18th Century (1701-1800)$920899
=650  \0$aInstrumentalist$1http://www.wikidata.org/entity/Q1278335$921706
=650  \0$aComposer$1http://www.wikidata.org/entity/Q36834$93625
=650  \0$aBiography$1http://www.wikidata.org/entity/Q36279$91927
=650  \0$aFlute$1http://www.wikidata.org/entity/Q11405$921276
=650  \0$aOrganology$1http://www.wikidata.org/entity/Q899293$921400
=650  \0$aInstrumental music$1http://www.wikidata.org/entity/Q639197$92106
=651  \0$1http://www.wikidata.org/entity/Q183$aGermany$9155
=700  \\$1http://www.wikidata.org/entity/Q2249014$4edt$aVester, Frans$d1922-1987$915260
=942  \\$cBOO
=952  \\$00$10$2ddc$40$6BIO_TROM_D$70$8BIO$96817$aORPH$bORPH$cKTS1_P$d2020-07-08$eKoopman$i33F39$l0$oBIO TROM d$p20120879$r2021-01-12 00:00:00$w2021-01-12$yDIS$OKoopman
=999  \\$d6818

