=LDR  00761aam a2200193   4500
=001  6819
=008  230817s1962\\\\|||afj||\||||\00|\0\fre\d
=041  \\$afre
=100  \\$aDenieul-Cormier, Anne$910447$4aut
=245  \\$aLa France de la Renaissance 1488-1559
=260  \\$aParis$bArthaud$c1962
=300  \\$a510 pages
=590  \\$a235 illustrations
=648  \0$1http://www.wikidata.org/entity/Q4692$aRenaissance (1400-1600)$920965
=650  \0$1http://www.wikidata.org/entity/Q309$aHistory$921403
=651  \0$1http://www.wikidata.org/entity/Q142$aFrance$9131
=942  \\$cBOO
=952  \\$00$10$2ddc$40$6TOP_FR_4_000000000000000$70$8TOP$96818$aORPH$bORPH$cKTS0$d2020-07-08$eKoopman$i42B13$l0$oTOP FR 4$p20120081$r2021-01-12 00:00:00$w2021-01-12$yBOO$OKoopman
=999  \\$d6819

