=LDR  01208cam a2200253 a 4500
=001  6820
=008  860710s1987\\\\-ukag\\\\b\\\\001\0\eng\\
=041  \\$aeng$hfre
=100  \\$aDenis, Jean II$dc. 1600-1672$4aut$1http://www.wikidata.org/entity/Q27999022$910448
=245  10$aTreatise on Harpsichord Tuning by Jean Denis
=260  \\$aCambridge$aNew York$bCambridge University Press$c1987$c1650
=300  \\$aviii-128 pages$billustrations$c24 cm
=490  \\$aCambridge musical texts and monographs
=504  \\$aBibliography: p. 108-122.
=648  \0$a17th Century (1601-1700)$1http://www.wikidata.org/entity/Q7016$920923
=650  \0$aMethod$1http://www.wikidata.org/entity/Q2250960$921402
=650  \0$aTuning$1http://www.wikidata.org/entity/Q858576$921655
=650  \0$aSpinet$1http://www.wikidata.org/entity/Q623941$924515
=651  \0$aFrance$1http://www.wikidata.org/entity/Q142$9131
=700  \\$aPanetta, Vincent J.$910449$4trl$4edt
=765  \\$aTraité de l'accord de l'espinette
=942  \\$cBOO
=952  \\$00$10$2ddc$40$6INS_3_000000000000000_2C_DENI$70$8INS$96819$aORPH$bORPH$cKTS0$d2020-07-08$eKoopman$i23F15$l0$oINS3.2c DENI$p20128903$r2021-01-12 00:00:00$w2021-01-12$yBOO$OKoopman
=999  \\$d6820

