=LDR  00680aam a2200169   4500
=001  6821
=008  230817b\\\\\\\\|||a||||\||||\00|\0\dut\d
=041  \\$adut
=100  \\$aDenis, V.$910450$4aut
=245  \\$aDe muziek in de schilderkunst
=260  \\$aAmsterdam$bvan Ditmar$c19??
=650  \0$1http://www.wikidata.org/entity/Q219625$aFine art$921579
=650  \0$1http://www.wikidata.org/entity/Q846047$aMusic history$921373
=650  \0$1http://www.wikidata.org/entity/Q208145$aIconography$921259
=942  \\$cBOO
=952  \\$00$10$2ddc$40$6VIS_DENI$70$8VIS$96820$aORPH$bORPH$cKTS1_H$d2020-07-08$eKoopman$i25F27$l0$oVIS DENI$p20129404$r2021-01-12 00:00:00$w2021-01-12$yBOO$OKoopman
=999  \\$d6821

