=LDR  00973aam a2200205   4500
=001  6822
=008  240409s1930\\\\|||g||||\||||\00|\0\ger\d
=041  \\$ager
=100  \\$aDennerlein, H.$910451$4aut
=245  \\$aJohann Friedrich Reichardt und seine Klavierwerke
=260  \\$aMünster$bHelios$c1930
=490  \\$aUniversitas-Archiv musikwissenschaftliche Abteilung$v4
=600  \0$aReichardt, Johann Friedrich$d1752-1814$1http://www.wikidata.org/entity/Q213742$95430
=648  \0$a18th Century (1701-1800)$1http://www.wikidata.org/entity/Q7015$920899
=648  \0$a19th Century (1801-1900)$1http://www.wikidata.org/entity/Q6955$920935
=650  \0$aKeyboard music$1http://www.wikidata.org/entity/Q105715630$921412
=651  \0$aGermany$1http://www.wikidata.org/entity/Q183$9155
=942  \\$cBOO
=952  \\$00$10$2ddc$40$6BIO_REIC2_E$70$8BIO$96821$aORPH$bORPH$cKTS1_P$d2020-07-08$eKoopman$i25A17$l0$oBIO REIC2 e$p20129153$r2021-01-12 00:00:00$w2021-01-12$yBOO$OKoopman
=999  \\$d6822

