=LDR  00957pam a2200229 a 4500
=001  6823
=005  20250926105333.0
=008  860602s1986\\\\enkag\\\\b\\\\001\0beng\\
=020  \\$a0193152444 :$c$15.00
=020  \\$a0193152347 (pbk.) :$c$8.00
=040  \\$aOI
=100  \\$aDennison, Peter$d-1942$910452
=245  10$aPelham Humfrey /$cPeter Dennison.
=260  \\$aOxford [Oxfordshire] ;$aNew York :$bOxford University Press,$c1986.
=300  \\$avii, 119 p. ;$btabs., music ;$c23 cm.
=490  0\$aOxford studies of composers ;$v21
=504  \\$aBibliography: p. 118.
=600  \0$aHumfrey, Pelham $d1647-1674$1http://www.wikidata.org/entity/Q941345$922299
=856  \\$uhttp://www.loc.gov/catdir/enhancements/fy0638/86012765-d.html$3Publisher description
=942  \\$cBOO
=952  \\$00$10$2ddc$40$6BIO_HUMF_C$70$8BIO$96822$aORPH$bORPH$cKTS1_P$d2020-07-08$eKoopman$i23A11$oBIO HUMF c$p20128506$r2021-01-12 00:00:00$w2021-01-12$yBOO$OKoopman
=999  \\$c6823$d6823

