=LDR  00715cam a2200193 i 4500
=001  6824
=005  20250227082512.0
=008  780920s1979\\\\enkg\\\\\b\\\\001\0\eng\\
=020  \\$a0521221749
=041  \\$aeng
=100  \\$aDent, Edward J.$d1876-1957$4aut$1http://www.wikidata.org/entity/Q1292053$910454
=245  00$aSelected Essays
=260  \\$aCambridge$bCambridge University Press$c1979
=300  \\$axii-296 pages
=650  \0$aMusic history$1http://www.wikidata.org/entity/Q846047$921373
=700  \\$aTaylor, Hugh$d-1952$4edt$910455
=942  \\$cBOO
=952  \\$00$10$2ddc$40$6TRE_DENT$70$8TRE$96823$aORPH$bORPH$cKTS1_H$d2020-07-08$eKoopman$i30E31$oTRE DENT$p20123336$r2021-01-12 00:00:00$w2021-01-12$yBOO
=999  \\$d6824

