=LDR  01216cam a2200265 a 4500
=001  6826
=005  20250926134854.0
=008  090424s2009\\\\gw\g\\\\\b\\\\000\0\ger\d
=020  \\$a9783795212742
=020  \\$a379521274X
=040  \\$aOI
=041  \\$ager
=100  \\$aDeppert, Heinrich$4aut$910457
=245  10$aStudien zum Frühwerk Johann Sebastian Bachs:$bUntersuchungen zur Chronologie auf der Grundlage der Kompositionstechnik in den Werken der Möllerschen Handschrift und der sogennanten Neumeister-Choräle
=260  \\$aTutzing$bSchneider$c2009
=300  \\$a136 pages$bmusic$c24 cm
=504  \\$aIncludes bibliographical references.
=600  \0$aBach, Johann Sebastian$d1685-1750$1http://www.wikidata.org/entity/Q1339$94766
=648  \0$a18th Century (1701-1800)$1http://www.wikidata.org/entity/Q7015$920899
=650  \0$aComposer$1http://www.wikidata.org/entity/Q36834$93625
=650  \0$aChronology$1http://www.wikidata.org/entity/Q130788$922826
=651  \0$aGermany$1http://www.wikidata.org/entity/Q183$9155
=942  \\$cBOO
=952  \\$00$10$2ddc$40$6BIO_BACH1_E$70$8BIO$96825$aORPH$bORPH$cKTS1_P$d2020-07-08$eKoopman$i38E12$oBIO BACH1 e$p20120389$r2021-01-12 00:00:00$w2021-01-12$yBOO
=999  \\$d6826

