=LDR  00951aam a2200217   4500
=001  6827
=005  20250925143257.0
=008  230615b\\\\\\\\nl\fao||\||||\00|\0\dut\d
=041  \\$adut
=245  \\$aHet clavecimbel in de 20e eeuw$b= The Harpsichord in the Twentieth Century
=260  \\$aLeeuwarden$bSybren Hellinga Stichting$cs.d.
=300  \\$a103 pages
=648  \0$a20th Century (1901-2000)$1http://www.wikidata.org/entity/Q6927$920936
=650  \0$1http://www.wikidata.org/entity/Q52954$aKeyboard instrument$92849
=650  \0$1http://www.wikidata.org/entity/Q81982$aHarpsichord$92125
=650  \0$1http://www.wikidata.org/entity/Q899293$aOrganology$921400
=700  \\$4edt$4aut$910458$aDerks, Willem
=700  \\$4edt$926322$aHellinga, Sieb
=942  \\$cBOO
=952  \\$00$10$2ddc$40$6INS_3_000000000000000_2A$70$8INS$96826$aORPH$bORPH$cKTS0$d2020-07-08$eKoopman$i42F34$l0$oINS3.2a$p20121981$r2021-01-12 00:00:00$w2021-01-12$yBOO$OKoopman
=999  \\$d6827

