=LDR  01121aam a2200253   4500
=001  6829
=008  240322s1962\\\\|||o||||\||||\00|\0\dut\d
=041  \\$afre
=100  \\$aDesroches-Noblecour, Christiane$4aut$910460
=245  \\$aGraf- en tempelschilderingen in Egypte
=260  \\$aAmsterdam$bMeulenhoff$c1962
=300  \\$a24-[29] pages$bfolded pages
=490  \\$aUNESCO kunstpockets$v1
=648  \0$aPast$1http://www.wikidata.org/entity/Q192630$922196
=650  \0$aFine art$1http://www.wikidata.org/entity/Q219625$921579
=650  \0$aArcheology$1http://www.wikidata.org/entity/Q23498$94082
=650  \0$aIconography$1http://www.wikidata.org/entity/Q208145$921259
=650  \0$aAncient Egypt$1http://www.wikidata.org/entity/Q11768$940208
=650  \0$aDeath$1http://www.wikidata.org/entity/Q4$94425
=650  \0$aReligion$1http://www.wikidata.org/entity/Q9174$93062
=651  \0$aEgypt$1http://www.wikidata.org/entity/Q79$968
=942  \\$cBOO
=952  \\$00$10$2ddc$40$6TOP_EG$70$8TOP$96828$aORPH$bORPH$cKTS0$d2020-07-08$eKoopman$i40F22$l0$oTOP EG$p20120235$r2021-01-12 00:00:00$w2021-01-12$yBOO$OKoopman
=999  \\$d6829

