=LDR  01050cam a22002534a 4500
=001  6834
=005  20250120115849.0
=008  050125s2005\\\\ne\a\\\\\b\\\\001\0\dut\\
=020  \\$a9035126270
=040  \\$aOI
=041  \\$adut
=100  \\$aDeursen, Arie Theodorus van$d1931-2011$4aut$99824
=245  13$aDe last van veel geluk:$bde geschiedenis van Nederland, 1555-1702
=260  \\$aAmsterdam$bBakker$c2005
=300  \\$a372 p. :$bill. (some col.) ;$c24 cm.
=490  \\$aDe geschiedenis van Nederland
=504  \\$aIncludes bibliographical references (p. 361-366) and index.
=648  \0$a16th Century (1501-1600)$1http://www.wikidata.org/entity/Q7017$920944
=648  \0$a17th Century (1601-1700)$1http://www.wikidata.org/entity/Q7016$920923
=651  \0$aNetherlands$1http://www.wikidata.org/entity/Q55$9173
=653  \\$ageneral history
=942  \\$cBOO
=952  \\$00$10$2ddc$40$6TOP_NL_4_000000000000000$70$8TOP$96833$aORPH$bORPH$cKTS0$d2020-07-08$eKoopman$i33G24$l0$oTOP NL 4$p20122685$r2021-01-12 00:00:00$w2021-01-12$yBOO
=999  \\$c6834$d6834

