=LDR  01177aam a2200229   4500
=001  6835
=008  250904s1998\\\\||||||||\||||\00|\0ddut\d
=020  \\$a9789051941852
=041  \\$adut
=100  \\$aDeursen, Arie Theodorus van$d1931-2011$99824$4aut
=245  \\$aBavianen en slijkgeuzen:$bkerk en kerkvolk ten tijde van Maurits en Oldenbarnevelt
=260  \\$aFraneker$bvan Wijnen$c1998
=600  \0$aOldenbarnevelt, Johan van$d1547-1619$1http://www.wikidata.org/entity/Q166623$923133
=648  \0$a16th Century (1501-1600)$1http://www.wikidata.org/entity/Q7017$920944
=648  \0$a17th Century (1601-1700)$1http://www.wikidata.org/entity/Q7016$920923
=650  \0$aReligion$1http://www.wikidata.org/entity/Q9174$93062
=650  \0$aCultural history$1http://www.wikidata.org/entity/Q858517$922395
=650  \0$aChurch$1http://www.wikidata.org/entity/Q16970$93776
=651  \0$aNetherlands$1http://www.wikidata.org/entity/Q55$1http://www.wikidata.org/entity/Q29999$9173
=942  \\$cBOO
=952  \\$00$10$2ddc$40$6TOP_NL_4_000000000000000$70$8TOP$96834$aORPH$bORPH$cKTS0$d2020-07-08$eKoopman$i38B05$l0$oTOP NL 4$p20120474$r2021-01-12 00:00:00$w2021-01-12$yBOO$OKoopman
=999  \\$d6835

