=LDR  01199aam a2200241   4500
=001  6836
=008  230619s1961\\\\||||||||\||||\00|\0dger\d
=041  \\$ager
=100  \\$aDeutsch, Otto Erich$d1883-1967$910702$4edt
=245  \\$aMozart.$bDie Dokumente seines Lebens
=260  \\$aKassel$aBasel$aLondon$aNew York$bBärenreiter$c1961
=300  \\$ax-606 pages$eInsert, 6 pages
=500  \\$aContains an excerpt from a journal with an artikel by P. T. A. Swillens, 'Mozart te Utrecht'
=590  \\$aGesammelt und erläutert von Otto Erich Deutsch
=600  \0$1http://www.wikidata.org/entity/Q254$aMozart, Wolfgang Amadeus$d1756-1791$95341
=648  \0$1http://www.wikidata.org/entity/Q7015$a18th Century (1701-1800)$920899
=650  \0$1http://www.wikidata.org/entity/Q36834$aComposer$93625
=650  \0$1http://www.wikidata.org/entity/Q36279$aBiography$91927
=650  \0$1http://www.wikidata.org/entity/Q623282$aLegacy$922131
=651  \0$1http://www.wikidata.org/entity/Q46$aEurope$991
=942  \\$cBOO
=952  \\$00$10$2ddc$40$6BIO_MOZA1_B$70$8BIO$96835$aORPH$bORPH$cKTS1_P$d2020-07-08$eKoopman$i31A37$l2$oBIO MOZA1 b$p20121136$r2025-05-14 11:13:51$s2025-05-12$w2021-01-12$yBOO$OKoopman
=999  \\$d6836

