=LDR  01683cam a2200337 a 4500
=001  6839
=005  20250605144350.0
=008  840309s1981\\\\be\af\\\\b\\\\001\0\dut\\
=020  \\$a902090079X
=040  \\$aOI
=041  \\$adut
=100  \\$aDevliegher, Luc$d1927-$910466$4aut
=245  13$aDe Sint-Salvatorskatedraal te Brugge:$bgeschiedenis en architektuur
=260  \\$aTielt$bLannoo$c[1981]
=300  \\$a250-125 pages$billustrations, plates, folded pages$c22 cm
=490  1\$aKunstpatrimonium van West-Vlaanderen$v7-8
=504  \\$aBibliography: p. 247-249.
=610  \0$aSint-Salvatorskatedraal (Bruges, Belgium)$1http://www.wikidata.org/entity/Q1378149$91278
=648  \0$1http://www.wikidata.org/entity/Q12554$aMiddle Ages (500-1400)$920964
=648  \0$a15th Century (1401-1500)$1http://www.wikidata.org/entity/Q7018$921015
=648  \0$a16th Century (1501-1600)$1http://www.wikidata.org/entity/Q7017$920944
=648  \0$a17th Century (1601-1700)$1http://www.wikidata.org/entity/Q7016$920923
=648  \0$a18th Century (1701-1800)$1http://www.wikidata.org/entity/Q7015$920899
=648  \0$a19th Century (1801-1900)$1http://www.wikidata.org/entity/Q6955$920935
=650  \0$1http://www.wikidata.org/entity/Q16970$aChurch$93776
=650  \0$1http://www.wikidata.org/entity/Q12271$aArchitecture$93185
=650  \0$1http://www.wikidata.org/entity/Q309$aHistory$921403
=651  \0$1http://www.wikidata.org/entity/Q12994$aBruges (Belgium)$920963
=942  \\$cBOO
=952  \\$00$10$2ddc$40$6TOP_BE_BRU2_0_000000000000000$70$8TOP$96838$aORPH$bORPH$cKTS0$d2020-07-08$eKoopman$i18D30$l0$oTOP BE.BRU2 0$p20125043$r2021-01-12 00:00:00$w2021-01-12$yBOO$OKoopman
=999  \\$d6839

