=LDR  01610aam a2200313   4500
=001  6840
=005  20251003085456.0
=008  230517s1979\\\\|||oaf||\||||\00|\0\dut\d
=020  \\$a9020900781
=041  \\$adut
=100  \\$aDevliegher, Luc$d1927-$910466$4aut
=245  \\$aDe Sint-Salvatorskatedraal te Brugge:$bInventaris
=260  \\$aTielt$aBussum$bLannoo$c1979
=300  \\$a320-292 pages
=490  \\$aKunst Patrimonium van West-Vlaanderen$v8
=610  \0$1http://www.wikidata.org/entity/Q1378149$aSint-Salvatorskatedraal (Bruges, Belgium)$91278
=648  \0$1http://www.wikidata.org/entity/Q12554$aMiddle Ages (500-1400)$920964
=648  \0$a15th Century (1401-1500)$1http://www.wikidata.org/entity/Q7018$921015
=648  \0$a16th Century (1501-1600)$1http://www.wikidata.org/entity/Q7017$920944
=648  \0$a17th Century (1601-1700)$1http://www.wikidata.org/entity/Q7016$920923
=648  \0$a18th Century (1701-1800)$1http://www.wikidata.org/entity/Q7015$920899
=648  \0$a19th Century (1801-1900)$1http://www.wikidata.org/entity/Q6955$920935
=650  \0$1http://www.wikidata.org/entity/Q16970$aChurch$93776
=650  \0$aCatalogue$1http://www.wikidata.org/entity/Q2352616$1http://www.wikidata.org/entity/Q6941730$921484
=650  \0$aFine art$1http://www.wikidata.org/entity/Q219625$921579
=651  \0$1http://www.wikidata.org/entity/Q12994$aBruges (Belgium)$920963
=942  \\$cBOO
=952  \\$00$10$2ddc$40$6TOP_BE_BRU2_0_000000000000000$70$8TOP$96839$aORPH$bORPH$cKTS0$d2020-07-08$eKoopman$i18D31$l0$oTOP BE.BRU2 0$p20125042$r2021-01-12 00:00:00$w2021-01-12$yBOO$OKoopman
=999  \\$d6840

