=LDR  01258cam a22002774a 4500
=001  6841
=005  20250602162603.0
=008  050419s2005\\\\fr\\\\\\\b\\\f001\0\fre\\
=020  \\$a2271063035
=040  \\$aOI
=041  \\$afre
=100  \\$aDevriès-Lesure, Anik$d1938-2021$4aut$910468
=245  12$aL'Édition musicale dans la presse parisienne au XVIIIe siècle :$bCatalogue des annonces
=260  \\$aParis$bCNRS$c2005
=300  \\$axxix-573 pages$c30 cm
=490  \\$aCollection Sciences de la musique : Références
=504  \\$aIncludes bibliographical references (p. xxviii) and index.
=648  \0$a18th Century (1701-1800)$1http://www.wikidata.org/entity/Q7015$920899
=650  \0$aMusic printing$1http://www.wikidata.org/entity/Q64416036$94007
=650  \0$aMusic publishing company$1http://www.wikidata.org/entity/Q1917775$927716
=650  \0$aPublishing$1http://www.wikidata.org/entity/Q3972943$93049
=650  \0$aPeriodical$1http://www.wikidata.org/entity/Q1002697$921106
=651  \0$aParis (France)$1http://www.wikidata.org/entity/Q90$9160
=942  \\$cBOO
=952  \\$00$10$2ddc$40$6BIB_4_000000000000000_FR_PAR_5$70$8BIB$96840$aORPH$bORPH$cKTS0$d2020-07-08$eKoopman$i36F05$oBIB4 FR.PAR 5$p20120671$r2021-01-12 00:00:00$yBOO
=999  \\$d6841

