=LDR  01529cam a2200313   4500
=001  6842
=005  20251003085456.0
=008  790717s1976\\\\sz\\\\\\\bc\\\000\0\fre\\
=020  \\$a2826604538
=040  \\$aOI
=041  \\$afre
=100  \\$aDevriès-Lesure, Anik$d1938-2021$4aut$910468
=245  10$aÉdition et commerce de la musique gravée à Paris dans la première moitié du 18e siècle :$bles Boivin, les Leclerc
=260  \\$aGenève$bMinkoff$c1976
=300  \\$aiii-272 pages$c22 cm
=490  \\$aArchives de l'édition musicale française$v1
=600  \0$aBoivin, François$dc. 1693-1733$939653
=600  \0$aBoivin, Élisabeth Catherine$d1704-1776$1http://www.wikidata.org/entity/Q3051085$939654
=610  \0$aBoivin family$1http://www.wikidata.org/entity/Q21492038$939655
=648  \0$a18th Century (1701-1800)$1http://www.wikidata.org/entity/Q7015$920899
=650  \0$aMusic printing$1http://www.wikidata.org/entity/Q64416036$94007
=650  \0$aMusic publishing company$1http://www.wikidata.org/entity/Q1917775$927716
=650  \0$aPublishing$1http://www.wikidata.org/entity/Q3972943$93049
=650  \0$aCatalogue$1http://www.wikidata.org/entity/Q2352616$921484
=650  \0$aBibliography$1http://www.wikidata.org/entity/Q134995$93965
=651  \0$aParis (France)$1http://www.wikidata.org/entity/Q90$9160
=942  \\$cBOO
=952  \\$00$10$2ddc$40$6BIB_4_000000000000000_FR_PAR_5$70$8BIB$96841$aORPH$bORPH$cKTS0$d2020-07-08$eKoopman$i19C43$l0$oBIB4 FR.PAR 5$p20127881$r2021-01-12 00:00:00$yBOO
=999  \\$d6842

