=LDR  00868cam a2200217 p 4500
=001  6844
=005  20250120120001.0
=008  810217t19801979ne\\\\\\\b\\\\001\0\dut\\
=015  \\$aNe80-12
=020  \\$a902951289X :$cfl 39.50
=040  \\$aOI
=100  \\$aDeyssel, Lodewijk van$d1864-1952$95429
=245  13$aDe scheldkritieken /$cLodewijk van Deyssel [i.e. K.J. L. Alberdingk Thijm] ; met een voorw. en voorz. van aantekeningen, bezorgd door Harry G.M. Prick.
=260  \\$aAmsterdam :$bDe Arbeiderspers,$c[1980], c1979.
=300  \\$a373 p. ;$c20 cm.
=490  0\$aSynopsis
=504  \\$aIncludes bibliographical references and index.
=600  \0$aPrick, Harry G. M.$910471
=942  \\$cBOO
=952  \\$00$10$2ddc$40$6LIT_DEYS_A$70$8LIT$96843$aORPH$bORPH$cKM12_2_H$d2020-07-08$eKoopman$i40F36$oLIT DEYS a$p20120222$r2021-01-12 00:00:00$w2021-01-12$yBOO
=999  \\$c6844$d6844

