=LDR  00835aam a2200205   4500
=001  6845
=005  20251031164257.0
=008  251031s1998\\\\|||a||||\||||\00|\0\dut\d
=020  \\$a9061534186
=041  \\$adut
=100  \\$aDhanens, E.$910472$4aut
=245  \\$aHugo van der Goes
=260  \\$aAntwerp$bMercatorfonds$c1998
=600  \0$avan der Goes, Hugo$d1440-1482$1http://www.wikidata.org/entity/Q215251$923755
=648  \0$aMiddle Ages (500-1400)$1http://www.wikidata.org/entity/Q12554$920964
=650  \0$aFine art$1http://www.wikidata.org/entity/Q219625$921579
=651  \0$aFlanders (Belgium)$1http://www.wikidata.org/entity/Q234$989
=942  \\$cBOO
=952  \\$00$10$2ddc$40$6BIO_VAND1_D$70$8BIO$96844$aORPH$bORPH$cKTS1_P$d2020-07-08$eKoopman$i34C20$l0$oBIO VAND1 d$p20122567$r2021-01-12 00:00:00$w2021-01-12$yBOO$OKoopman
=999  \\$d6845

