=LDR  00388    a2200121   4500
=001  6846
=020  \\$a8880825526
=100  \\$aDi Profio, Alessandro$918517
=245  \\$aNicolò Piccinni
=260  \\$c2004
=942  \\$cBOO
=952  \\$00$10$2ddc$40$6BIO_PICC_D$70$8BIO$96845$aORPH$bORPH$cKTS1_P$d2020-07-08$eKoopman$i37A21$oBIO PICC d$p20120614$r2021-01-12 00:00:00$w2021-01-12$yBOO$OKoopman
=999  \\$c6846$d6846

