=LDR  01494    a2200289   4500
=001  6850
=005  20251003085456.0
=008  211027s1974\\\\-usg||||\m|||\00|\0\eng\d
=041  \\$aeng
=100  \\$aDickinson, Alis$4aut$99042
=245  \\$aKeyboard Tablatures of the Mid-Seventeent Century in the Royal Library, Copenhagen.$bEdition and Commentary
=260  \\$aDenton, TX$bNorth Texas State University$c1974
=300  \\$a144 pages
=336  \\$aprinted
=500  \\$aPhotocopy of dissertation
=648  \0$a16th Century (1501-1600)$1http://www.wikidata.org/entity/Q7017$920944
=648  \0$a17th Century (1601-1700)$1http://www.wikidata.org/entity/Q7016$920923
=648  \0$a18th Century (1701-1800)$1http://www.wikidata.org/entity/Q7015$920899
=650  \0$aTablature$1http://www.wikidata.org/entity/Q143217$93722
=650  \0$aKeyboard instrument$1http://www.wikidata.org/entity/Q52954$92849
=650  \0$aKeyboard music$1http://www.wikidata.org/entity/Q105715630$921412
=650  \0$aCatalogue$1http://www.wikidata.org/entity/Q2352616$921484
=651  \0$aDenmark$1http://www.wikidata.org/entity/Q35$921295
=942  \\$cBOO
=952  \\$00$10$2ddc$3Part I$40$6INS_3A_DK_COP1$70$8INS$96849$aORPH$bORPH$cKTS0$d2020-07-08$eKoopman$i45G32$oINS3a DK.COP1$p20127533$r2021-01-12 00:00:00$w2021-01-12$yBOO
=952  \\$00$10$2ddc$3Part II$40$6INS_3A_DK_COP1$70$8INS$96850$aORPH$bORPH$cKTS0$d2020-07-08$eKoopman$i45G32$oINS3a DK.COP1$p20127532$r2021-01-12 00:00:00$w2021-01-12$yBOO
=999  \\$d6850

