=LDR  01254aam a2200253   4500
=001  6852
=008  230817s1994\\\\|||a||||\||||\00|\0|fre\d
=020  \\$a9782881822193
=041  \\$afre
=245  \\$aDiderot, D'Alembert. Une Suisse heureuse.$bArticles de l'Encyclopédie
=260  \\$aCarouge-Geneva$bZoé$c1994
=300  \\$a54 pages
=500  \\$aarticles Suisse, Lausanne and Genève
=648  \0$1http://www.wikidata.org/entity/Q7015$a18th Century (1701-1800)$920899
=650  \0$1http://www.wikidata.org/entity/Q858517$aCultural history$922395
=650  \0$1http://www.wikidata.org/entity/Q12539$aEnlightenment$94532
=650  \0$aEncyclopedia$1http://www.wikidata.org/entity/Q5292$92184
=651  \0$1http://www.wikidata.org/entity/Q39$aSwitzerland$920954
=700  \\$1http://www.wikidata.org/entity/Q448$4aut$aDiderot, Denis$d1713-1784$914909
=700  \\$1http://www.wikidata.org/entity/Q153232$4aut$ad'Alembert, Jean Le Rond$d1717-1783$94826
=700  \\$aWalter, François$d1950-$1http://www.wikidata.org/entity/Q3086034$4win$939519
=942  \\$cBOO
=952  \\$00$10$2ddc$40$6TOP_CH_5_000000000000000$70$8TOP$96851$aORPH$bORPH$cKTS0$d2020-07-08$eKoopman$i33E68$l0$oTOP CH 5$p20120923$r2021-01-12 00:00:00$w2021-01-12$yBOO$OKoopman
=999  \\$d6852

