=LDR  00908aam a2200193   4500
=001  6853
=008  230817s1981\\\\||||||||\||||\00|\d\ger\d
=041  \\$ager$hfre
=100  \\$aDiderot, Denis$d1713-1784$1http://www.wikidata.org/entity/Q448$4aut$914909
=245  \\$aDas Theater des Herrn Diderot
=260  \\$aLeipzig$bReclam$c1981
=648  \0$1http://www.wikidata.org/entity/Q7015$a18th Century (1701-1800)$920899
=650  \0$1http://www.wikidata.org/entity/Q25379$aPlay (theater)$921414
=650  \0$1http://www.wikidata.org/entity/Q12539$aEnlightenment$94532
=651  \0$1http://www.wikidata.org/entity/Q142$aFrance$9131
=700  \\$1http://www.wikidata.org/entity/Q34628$4trl$aLessing, Gotthold Ephraim$d1729-1781$95180
=942  \\$cBOO
=952  \\$00$10$2ddc$40$6LIT_DIDE_A$70$8LIT$96852$aORPH$bORPH$cKM12_2_H$d2020-07-08$eKoopman$i38D28$oLIT DIDE a$p20122377$r2021-01-12 00:00:00$w2021-01-12$yBOO
=999  \\$d6853

