=LDR  00916aam a2200205   4500
=001  6855
=008  230817s1951\\\\||||||||\||||\00|\0\fre\d
=041  \\$afre
=100  \\$aDiderot, Denis$d1713-1784$1http://www.wikidata.org/entity/Q448$4aut$914909
=245  \\$aŒuvres
=260  \\$aParis$bGallimard$c1951
=490  \\$aBibliothèque de la Pléiade$v25
=648  \0$1http://www.wikidata.org/entity/Q7015$a18th Century (1701-1800)$920899
=650  \0$1http://www.wikidata.org/entity/Q5891$aPhilosophy$92357
=650  \0$1http://www.wikidata.org/entity/Q12539$aEnlightenment$94532
=651  \0$1http://www.wikidata.org/entity/Q142$aFrance$9131
=700  \\$1http://www.wikidata.org/entity/Q2847306$4edt$aBilly, André$d1882-1971$925079
=942  \\$cBOO
=952  \\$00$10$2ddc$40$6LIT_DIDE_A$70$8LIT$96854$aORPH$bORPH$cKM12_2_H$d2020-07-08$eKoopman$i44D37$oLIT DIDE a$p20126602$r2021-01-12 00:00:00$w2021-01-12$yBOO
=999  \\$d6855

