=LDR  00881aam a2200181   4500
=001  6856
=008  230817s1965\\\\||||||||\||||\00|\0\fre\d
=041  \\$afre
=100  \\$aDiderot, Denis$d1713-1784$1http://www.wikidata.org/entity/Q448$4aut$914909
=245  \\$aEntretien entre d'Alembert et Diderot; Le Rêve de d'Alembert; Suite de l'entretien
=260  \\$aParis$bGarnier-Flammarion$c1965
=600  \0$1http://www.wikidata.org/entity/Q153232$ad'Alembert, Jean Le Rond$d1717-1783$94826
=648  \0$1http://www.wikidata.org/entity/Q7015$a18th Century (1701-1800)$920899
=650  \0$1http://www.wikidata.org/entity/Q5891$aPhilosophy$92357
=651  \0$1http://www.wikidata.org/entity/Q142$aFrance$9131
=942  \\$cBOO
=952  \\$00$10$2ddc$40$6LIT_DIDE_A$70$8LIT$96855$aORPH$bORPH$cKM12_2_H$d2020-07-08$eKoopman$i40D38$oLIT DIDE a$p20122278$r2021-01-12 00:00:00$w2021-01-12$yBOO
=999  \\$d6856

