=LDR  00712aam a2200169   4500
=001  6857
=008  230817s1968\\\\||||||||\||||\00|\f\fre\d
=041  \\$afre
=100  \\$aDiderot, Denis$d1713-1784$1http://www.wikidata.org/entity/Q448$914909
=245  \\$aLes Bijoux indiscrets
=260  \\$aParis$bGarnier Flammarion$c1968
=648  \0$1http://www.wikidata.org/entity/Q7015$a18th Century (1701-1800)$920899
=650  \0$1http://www.wikidata.org/entity/Q8261$aNovel$921629
=651  \0$1http://www.wikidata.org/entity/Q142$aFrance$9131
=942  \\$cBOO
=952  \\$00$10$2ddc$40$6LIT_DIDE_A$70$8LIT$96856$aORPH$bORPH$cKM12_2_H$d2020-07-08$eKoopman$i40H21$oLIT DIDE a$p20122200$r2021-01-12 00:00:00$w2021-01-12$yBOO
=999  \\$d6857

