=LDR  01085aam a2200217   4500
=001  6858
=008  230301s1967\\\\||||||||\||||\00|\0\fre\d
=041  \\$afre
=100  \\$aDiderot, Denis$d1713-1784$4aut$1http://www.wikidata.org/entity/Q448$914909
=245  \\$aParadoxe sur le comédien$bprécédé des Entretiens sur le Fils naturel
=260  \\$aParis$bGarnier-Flammarion$c1967
=300  \\$a192 pages
=534  \\$a'Paradoxe sur le comédien' was written c. 1770-78, but first published 1830; 'Entretiens sur le fils naturel' was originally published in 1757
=648  \0$a18th Century (1701-1800)$1http://www.wikidata.org/entity/Q7015$920899
=650  \0$aActing$1http://www.wikidata.org/entity/Q222749$92807
=650  \0$aTheater criticism$1http://www.wikidata.org/entity/Q2416230$921632
=651  \0$aFrance$1http://www.wikidata.org/entity/Q142$9131
=700  \\$4win$925780$aLaubreaux, Raymond
=942  \\$cBOO
=952  \\$00$10$2ddc$40$6LIT_DIDE_A$70$8LIT$96857$aORPH$bORPH$cKM12_2_H$d2020-07-08$eKoopman$i40H23$oLIT DIDE a$p20122198$r2021-01-12 00:00:00$w2021-01-12$yBOO
=999  \\$d6858

