=LDR  00890aam a2200193   4500
=001  6859
=008  230817s1962\\\\||||||||\||||\00|\f\fre\d
=041  \\$afre
=100  \\$aDiderot, Denis$d1713-1784$1http://www.wikidata.org/entity/Q448$4aut$914909
=245  \\$aJacques le fataliste et son maître
=260  \\$aParis$bLibrairie Générale Française$c1962
=648  \0$1http://www.wikidata.org/entity/Q7015$a18th Century (1701-1800)$920899
=650  \0$1http://www.wikidata.org/entity/Q8261$aNovel$921629
=650  \0$1http://www.wikidata.org/entity/Q5891$aPhilosophy$92357
=650  \0$1http://www.wikidata.org/entity/Q12539$aEnlightenment$94532
=651  \0$1http://www.wikidata.org/entity/Q142$aFrance$9131
=942  \\$cBOO
=952  \\$00$10$2ddc$40$6LIT_DIDE_A$70$8LIT$96858$aORPH$bORPH$cKM12_2_H$d2020-07-08$eKoopman$i40H24$oLIT DIDE a$p20122197$r2021-01-12 00:00:00$w2021-01-12$yBOO
=999  \\$d6859

