=LDR  00855    a2200205   4500
=001  6860
=008  220324s1962\\\\||||||||\||||\00|\0dfre\d
=041  \\$afre
=100  \\$aDiéguez, Manuel de$4aut$dc. 1490-1553?$910480
=245  \\$aRabelais par lui-même
=260  \\$aParis$bSeuil$c1962
=300  \\$a187 pages
=490  \\$aÉcrivains de toujours$v48
=600  \0$aRabelais, François$dc. 1490-1553?$1http://www.wikidata.org/entity/Q131018$910931
=648  \0$a16th Century (1501-1600)$1http://www.wikidata.org/entity/Q7017$920944
=650  \0$aWriter$1http://www.wikidata.org/entity/Q36180$93885
=651  \0$aFrance$1http://www.wikidata.org/entity/Q142$9131
=942  \\$cBOO
=952  \\$00$10$2ddc$40$6LIT_RABE_B_DIEG$70$8LIT$96859$aORPH$bORPH$cKM12_2_H$d2020-07-08$eKoopman$i43D01$oLIT RABE b DIEG$p20126537$r2022-03-29 00:00:00$w2021-01-12$yBOO
=999  \\$d6860

