=LDR  01197aam a2200265   4500
=001  6873
=005  20250925143257.0
=008  241218s1991\\\\|||ao|||\||||\00|\0\dut\d
=020  \\$a9020918389
=041  \\$adut
=100  \\$aDierkens-Aubry, Françoise$910482$4aut
=245  \\$aArt Nouveau in België.$bArchitectuur & Interieurs
=260  \\$c1991$aTielt$bLannoo
=300  \\$a227 pages
=648  \0$a19th Century (1801-1900)$1http://www.wikidata.org/entity/Q6955$920935
=648  \0$a20th Century (1901-2000)$1http://www.wikidata.org/entity/Q6927$920936
=650  \0$aArchitecture$1http://www.wikidata.org/entity/Q12271$93185
=650  \0$aApplied arts$1http://www.wikidata.org/entity/Q2865882$921627
=650  \0$aArt Nouveau$1http://www.wikidata.org/entity/Q34636$939337
=650  \0$aFurniture$1http://www.wikidata.org/entity/Q14745$927103
=650  \0$aInterior design$1http://www.wikidata.org/entity/Q179232$921367
=651  \0$aBelgium$1http://www.wikidata.org/entity/Q31$920881
=942  \\$cBOO
=952  \\$00$10$2ddc$40$6TOP_BE_6_000000000000000$70$8TOP$96872$aORPH$bORPH$cKTS0$d2020-07-08$eKoopman$i34C15$l0$oTOP BE 6$p20122572$r2021-01-12 00:00:00$w2021-01-12$yBOO$OKoopman
=999  \\$d6873

