=LDR  01380aam a2200277   4500
=001  6874
=008  230308r19621810||||||||\||||\00|\0bger\d
=041  \\$ager
=100  \\$aDies, Albert Christoph$d1755-1822$4aut$1http://www.wikidata.org/entity/Q87596$910483
=245  \\$aBiographische Nachrichten von Joseph Haydn
=250  \\$a2nd ed.
=260  \\$aBerlin$bHenschelverlag$c1962
=300  \\$a214 pages
=534  \\$aFacsimile originally published in 1959$cVienna: Carmesinaische Buchhandlung, 1810
=600  \0$aHaydn, Joseph$d1732-1809$1http://www.wikidata.org/entity/Q7349$94783
=648  \0$a18th Century (1701-1800)$1http://www.wikidata.org/entity/Q7015$920899
=648  \0$a19th Century (1801-1900)$1http://www.wikidata.org/entity/Q6955$920935
=650  \0$aComposer$1http://www.wikidata.org/entity/Q36834$93625
=650  \0$aBiography$1http://www.wikidata.org/entity/Q36279$91927
=651  \0$aAustria$1http://www.wikidata.org/entity/Q40$9202
=700  \\$4edt$aSeeger, Horst$925933
=856  \\$uhttps://mdz-nbn-resolving.de/urn:nbn:de:bvb:12-bsb10600111-4$3IIIF
=856  \\$uhttps://api.digitale-sammlungen.de/iiif/presentation/v2/bsb10600111/manifest$3IIIF manifest
=942  \\$cBOO
=952  \\$00$10$2ddc$40$6BIO_HAYD1_B$70$8BIO$96873$aORPH$bORPH$cKTS1_P$d2020-07-08$eKoopman$i24F03$oBIO HAYD1 b$p20125892$r2021-01-12 00:00:00$w2021-01-12$yBOO$OKoopman
=999  \\$d6874

