=LDR  01271cam a2200277 a 4500
=001  6875
=005  20250121142121.0
=008  990930s1999\\\\ncua\\\\\b\\\\001\0\eng\\
=020  \\$a0786400773 (lib. bdg. alk. paper)
=040  \\$aOI
=041  \\$aeng
=100  \\$aDiGaetani, John Louis$d-1943$4aut$910484
=245  10$aCarlo Gozzi:$bA Life in the 18th-Century Venetian Theater, an Afterlife in Opera
=260  \\$aJefferson, NC$aLondon$bMcFarland$c2000
=300  \\$aix-213 pages$bill.$c24 cm
=504  \\$aIncludes bibliographical references (p. 205-209) and index.
=600  \0$aGozzi, Carlo$d1720-1806$1http://www.wikidata.org/entity/Q263270$910485
=648  \0$a18th Century (1701-1800)$1http://www.wikidata.org/entity/Q7015$920899
=650  \0$aWriter$1http://www.wikidata.org/entity/Q36180$93885
=650  \0$aBiography$1http://www.wikidata.org/entity/Q36279$91927
=650  \0$aPlay (theater)$1http://www.wikidata.org/entity/Q25379$921414
=650  \0$aOpera$1http://www.wikidata.org/entity/Q1344$92468
=651  \0$aVenice (Italy)$1http://www.wikidata.org/entity/Q641$91
=942  \\$cBOO
=952  \\$00$10$2ddc$40$6BIO_GOZZ_D$70$8BIO$96874$aORPH$bORPH$cKTS1_P$d2020-07-08$eKoopman$i31A03$oBIO GOZZ d$p20121170$r2021-01-12 00:00:00$w2021-01-12$yBOO
=999  \\$d6875

