=LDR  01416cam a22002894a 4500
=001  6876
=005  20250120120207.0
=008  011023s2001\\\\ne\a\\\\\b\\\\000\0bdut\\
=020  \\$a9028826874
=040  \\$aOI
=041  \\$adut
=100  \\$aDijck, Godfried Christiaan Maria van$910486$4aut
=245  10$aOp zoek naar Jheronimus van Aken alias Bosch.$bDe feiten: familie, vrienden en opdrachtgevers, ca. 1400-ca. 1635
=260  \\$aZaltbommel$bEuropese Bibliotheek$c2001
=300  \\$a246 pages$billustrations$c26 cm
=504  \\$aIncludes bibliographical references (p. 207-239).
=561  \\$aHandwritten dedication from 'Lucas' to Ton Koopman and Tini Mathot, 18 August 2001
=600  \0$aBosch, Hieronymus$dc. 1450-1516$1http://www.wikidata.org/entity/Q130531$910487
=648  \0$a15th Century (1401-1500)$1http://www.wikidata.org/entity/Q7018$921015
=648  \0$a16th Century (1501-1600)$1http://www.wikidata.org/entity/Q7017$920944
=650  \0$aFine art$1http://www.wikidata.org/entity/Q219625$921579
=650  \0$aPainter$1http://www.wikidata.org/entity/Q1028181$93914
=650  \0$aBiography$1http://www.wikidata.org/entity/Q36279$91927
=651  \0$aNetherlands$1http://www.wikidata.org/entity/Q55$9173
=942  \\$cBOO
=952  \\$00$10$2ddc$40$6BIO_BOSC_D$70$8BIO$96875$aORPH$bORPH$cKTS1_P$d2020-07-08$eKoopman$i28D53$oBIO BOSC d$p20123556$r2021-01-12 00:00:00$w2021-01-12$yBOO$OKoopman
=999  \\$d6876

