=LDR  00761aam a2200169   4500
=001  6878
=008  250428s2003\\\\||||||||\||||\00|\0\dut\d
=041  \\$adut
=100  \\$aDijck, Godfried Christiaan Maria van$910486$4aut
=245  \\$aDe Bossche Loterij, 1562-1564
=260  \\$aSermoyer$bLe Meix$bvan Dijck$c2003
=648  \0$a16th Century (1501-1600)$1http://www.wikidata.org/entity/Q7017$920944
=650  \0$aLottery$1http://www.wikidata.org/entity/Q189409$940092
=651  \0$a's-Hertogenbosch (Netherlands)$1http://www.wikidata.org/entity/Q2766547$982
=942  \\$cBOO
=952  \\$00$10$2ddc$40$6TOP_NL_HER_4_000000000000000$70$8TOP$96877$aORPH$bORPH$cKTS0$d2020-07-08$eKoopman$i32B30$l0$oTOP NL.HER 4$p20122936$r2021-01-12 00:00:00$w2021-01-12$yBOO$OKoopman
=999  \\$d6878

