=LDR  00797aam a2200181   4500
=001  6879
=008  240309s1998\\\\||||||||\||||\00|\0ddut\d
=041  \\$adut
=100  \\$aDijck, Godfried Christiaan Maria van$910486$4aut
=245  \\$aGenealogie Van Dijck - Van Dijk 1500-2000
=260  \\$aRossum$bs.n.$c1998
=600  \0$avan Dyck, Antoon$d1599-1641$1http://www.wikidata.org/entity/Q150679$99547
=650  \0$aGenealogy$1http://www.wikidata.org/entity/Q47307$921635
=651  \0$aNetherlands$1http://www.wikidata.org/entity/Q55$9173
=651  \0$aFlanders (Belgium)$1http://www.wikidata.org/entity/Q234$989
=942  \\$cBOO
=952  \\$00$10$2ddc$40$6BIO_DIJC_D$70$8BIO$96878$aORPH$bORPH$cKTS1_P$d2020-07-08$eKoopman$i40E12$l0$oBIO DIJC d$p20120261$r2021-01-12 00:00:00$w2021-01-12$yBOO$OKoopman
=999  \\$d6879

