=LDR  00734    a2200193   4500
=001  6882
=008  220131s1985\\\\nl\ao|||\||||\00|\0\dut\d
=041  \\$adut
=100  \\$aDijk, Pieter van$d1958-$4edt$910494
=245  \\$aOrgels in de Elzas
=260  \\$c1985$aHilversum$bKRO
=300  \\$a116 pages
=336  \\$aprinted
=650  \0$aOrgan$1http://www.wikidata.org/entity/Q1444$92810
=650  \0$aOrganology$1http://www.wikidata.org/entity/Q899293$921400
=651  \0$aAlsace (France)$1http://www.wikidata.org/entity/Q1142$922946
=942  \\$cBOO
=952  \\$00$10$2ddc$40$6INS_3_000000000000000_1A_FR_ALS$70$8INS$96881$aORPH$bORPH$cKTS0$d2020-07-08$eKoopman$i24A36$oINS3.1a FR.ALS$p20128693$r2021-01-12 00:00:00$w2021-01-12$yBOO
=999  \\$d6882

