=LDR  01059    a2200217   4500
=001  6885
=008  221219s2011\\\\nl\fa|||\||||\00|\0\dut\d
=020  \\$a9789073437005
=041  \\$adut
=245  \\$aEen magtig Toonwerk:$bGeschiedenis en Restauratie van het Ibach-Orgel te Bergen op Zoom
=260  \\$c2011$aBergen op Zoom
=300  \\$a198 pages
=610  \0$aSint-Gertrudiskerk (Bergen op Zoom, Nederland)$1http://www.wikidata.org/entity/Q1515818$940357
=610  \0$aIbach family$1http://www.wikidata.org/entity/Q36942259$940356
=648  \0$a19th Century (1801-1900)$1http://www.wikidata.org/entity/Q6955$920935
=650  \0$aOrgan$1http://www.wikidata.org/entity/Q1444$92810
=650  \0$aOrganology$1http://www.wikidata.org/entity/Q899293$921400
=651  \0$aBergen op Zoom (Netherlands)$1http://www.wikidata.org/entity/Q192508$925481
=942  \\$cBOO
=952  \\$00$10$2ddc$40$6INS_3_000000000000000_1E_NL_BER$70$8INS$96884$aORPH$bORPH$cKTS0$d2020-07-08$eKoopman$i44D05$l0$oINS3.1e NL.BER$p20126634$r2021-01-12 00:00:00$w2021-01-12$yBOO$OKoopman
=999  \\$d6885

