=LDR  00994cam a2200241 a 4500
=001  6886
=005  20250821130230.0
=008  930112s1992\\\\ne\a\\\\\b\\\\001\0\dut\\
=020  \\$a9024234468
=041  \\$adut
=100  \\$aDijk, Pieter van$d1958-$4aut$910494
=245  10$aOrgels in de Elzas.$bOrgelcultuur tussen Frankrijk en Duitsland
=260  \\$aKampen$bJ.H. Kok$c1992
=300  \\$a277 pages$bill. $c22 cm
=336  \\$aprinted
=504  \\$aIncludes bibliographical references (p. 266-268) and indexes.
=650  \0$aOrgan$1http://www.wikidata.org/entity/Q1444$92810
=650  \0$aOrganology$1http://www.wikidata.org/entity/Q899293$921400
=651  \0$aFrance$1http://www.wikidata.org/entity/Q142$9131
=651  \0$aAlsace (France)$1http://www.wikidata.org/entity/Q1142$922946
=942  \\$cBOO
=952  \\$00$10$2ddc$40$6INS_3_000000000000000_1A_FR_ALS$70$8INS$96885$aORPH$bORPH$cKTS0$d2020-07-08$eKoopman$i44D24$oINS3.1a FR.ALS$p20126615$r2021-01-12 00:00:00$w2021-01-12$yBOO
=999  \\$d6886

