=LDR  00921aam a2200193   4500
=001  6887
=008  221221s1981\\\\nl\a||||\||||\00|\0\dut\d
=041  \\$adut
=245  \\$aUtrecht, orgelstad. $bInventarisatie van orgels in kerken en kapellen in de stad Utrecht
=260  \\$c1981$aAlphen aan den Rijn$bOverlegorgaan voor Muziek en Kerken in Utrecht
=650  \0$aOrgan$1http://www.wikidata.org/entity/Q1444$92810
=650  \0$aOrganology$1http://www.wikidata.org/entity/Q899293$921400
=650  \0$aChurch$1http://www.wikidata.org/entity/Q16970$93776
=651  \0$aUtrecht (Netherlands)$1http://www.wikidata.org/entity/Q803$9141
=700  \\$4ctb$aDijk, Peter van$919446
=700  \\$4ctb$aOost, Gert$913063
=942  \\$cBOO
=952  \\$00$10$2ddc$40$6INS_3_000000000000000_1A_NL_UTR$70$8INS$96886$aORPH$bORPH$cKTS0$d2020-07-08$eKoopman$i45D40$l0$oINS3.1a NL.UTR$p20127289$r2021-01-12 00:00:00$w2021-01-12$yBOO$OKoopman
=999  \\$d6887

