=LDR  01035aam a2200217   4500
=001  6888
=008  220616s1989\\\\nl\\||||\||||\00|\0\dut\d
=041  \\$adut
=100  \\$aDijk, Peter van$4aut$919446
=245  \\$aHistorische orgels in Noord-Italië:$been overzicht van 4 eeuwen orgelcultuur aan de hand van orgels, composities en registratieaanwijzingen
=260  \\$aHilversum$bKRO$c1988
=300  \\$a126 pages
=650  \0$aOrganology$1http://www.wikidata.org/entity/Q899293$921400
=650  \0$aOrgan$1http://www.wikidata.org/entity/Q1444$92810
=650  \0$aOrganology$1http://www.wikidata.org/entity/Q899293$921400
=650  \0$aOrgan music$1http://www.wikidata.org/entity/Q116958279$91951
=650  \0$aOrgan registration$1http://www.wikidata.org/entity/Q7309439$923402
=651  \0$aItaly$1http://www.wikidata.org/entity/Q38$922
=942  \\$cBOO
=952  \\$00$10$2ddc$40$6INS_3_000000000000000_1A_IT$70$8INS$96887$aORPH$bORPH$cKTS0$d2020-07-08$eKoopman$i46E16$oINS3.1a IT$p20126951$r2021-01-12 00:00:00$w2021-01-12$yBOO
=999  \\$d6888

