=LDR  01112cam a22002414a 4500
=001  6889
=005  20250120120100.0
=008  010508s2000\\\\ne\a\\\\\b\\\\001\0\dut\\
=041  0\$adut
=100  \\$4edt$aCevaal, Willem Jan$eEditor$910495
=245  00$aAlkmaars kleyne orgel: het koororgel van de St. Laurenskerk te Alkmaar
=260  \\$aZutphen$bWalburg$c2000
=300  \\$a267 pages$bill. (some col.) $c25 cm
=490  \\$aNederlandse orgelmonografieën 
=504  \\$aIncludes bibliographical references (p. 263) and index.
=546  \\$aIn Dutch, with summary in English.
=610  \0$aGrote of Sint-Laurenskerk (Alkmaar, Netherlands)$1http://www.wikidata.org/entity/Q639909$91279
=650  \0$aOrgan$1http://www.wikidata.org/entity/Q1444$92810
=651  \0$aNetherlands$1http://www.wikidata.org/entity/Q55$9173
=651  \0$aAlkmaar (Netherlands)$1http://www.wikidata.org/entity/Q16977290$921456
=942  \\$cBOO
=952  \\$00$10$2ddc$40$6INS_3_000000000000000_1E_NL_ALK$70$8INS$96888$aORPH$bORPH$cKTS0$d2020-07-08$eKoopman$i24D44$l0$oINS3.1e NL.ALK$p20129092$r2021-01-12 00:00:00$w2021-01-12$yBOO
=999  \\$d6889

