=LDR  00929    a2200217   4500
=001  6890
=008  220214s2004\\\\nl\f||||\||||\00|\0\dut\d
=041  \\$adut
=100  \\$aDijk, Roger van$4aut$910496
=245  \\$a100 jaar Flentrop Orgelbouw. 1903-2003.
=260  \\$aZaandam$bFlentrop Orgelbouw$c2003
=300  \\$a93 pages
=600  \0$925869$aFlentrop, Hendrik W.
=610  \0$aFlentrop Orgelbouw (Zaandam, Netherlands)$1http://www.wikidata.org/entity/Q2250535$923688
=650  \0$aOrgan$1http://www.wikidata.org/entity/Q1444$92810
=650  \0$aOrganology$1http://www.wikidata.org/entity/Q899293$921400
=651  \0$aZaandam (Netherlands)$1http://www.wikidata.org/entity/Q211260$925559
=700  \\$aFidom, Hans$4aut$915937
=942  \\$cBOO
=952  \\$00$10$2ddc$40$6INS_3_000000000000000_1B_FLEN$70$8INS$96889$aORPH$bORPH$cKTS0$d2020-07-08$eKoopman$i30C12$oINS3.1b FLEN$p20121233$r2021-01-12 00:00:00$w2021-01-12$yBOO
=999  \\$d6890

