=LDR  01076cam a2200265 a 4500
=001  6892
=005  20251003085456.0
=008  021106s2002\\\\ne\a\\\\\bc\\\001\0\dut\d
=020  \\$a9040096619
=040  \\$aOI
=041  \\$adut
=245  13$aDe schilderijen van Museum Catharijneconvent
=260  \\$aUtrecht$bMuseum Catharijneconvent$aZwolle$bWaanders$c2002
=300  \\$a575 pages$bill.$c28 cm
=504  \\$aIncludes bibliographical references (p. 495-540) and indexes.
=610  \0$aMuseum Catharijneconvent (Utrecht, Netherlands)$1http://www.wikidata.org/entity/Q1954426$91280
=650  \0$aFine art$1http://www.wikidata.org/entity/Q219625$921579
=650  \0$aCatalogue$1http://www.wikidata.org/entity/Q2352616$921484
=700  \\$4aut$aDijkstra, Jeltje$910498
=700  \\$aDirkse, Paul$d-1946$4aut$910499
=700  \\$aSmits, A. E. A. M.$4aut$910500
=700  1\$q(Anneloes E. A. M.)
=942  \\$cBOO
=952  \\$00$10$2ddc$40$6VIS_DIJK$70$8VIS$96891$aORPH$bORPH$cKTS1_H$d2020-07-08$eKoopman$i29F31$oVIS DIJK$p20121251$r2021-01-12 00:00:00$w2021-01-12$yBOO
=999  \\$d6892

