=LDR  00826    a2200193   4500
=001  6893
=020  \\$a9789090206097
=041  \\$adut
=100  \\$aDillingh, Peter$4aut$910501
=245  \\$aHet orgel in de Wilhelminakerk te Dordrecht: een drieluik
=260  \\$c2006
=300  \\$a80 pages
=610  \0$aWilhelminakerk (Dordrecht, Netherlands)$1http://www.wikidata.org/entity/Q2184934$925471
=650  \0$aOrgan$1http://www.wikidata.org/entity/Q1444$92810
=650  \0$aOrganology$1http://www.wikidata.org/entity/Q899293$921400
=651  \0$aDordrecht (Netherlands)$1http://www.wikidata.org/entity/Q26421$921875
=942  \\$cBOO
=952  \\$00$10$2ddc$40$6INS_3_000000000000000_1E_NL_DOR$70$8INS$96892$aORPH$bORPH$cKTS0$d2020-07-08$eKoopman$i44D26$l0$oINS3.1e NL.DOR$p20126613$r2021-01-12 00:00:00$w2021-01-12$yBOO$OKoopman
=999  \\$d6893

