=LDR  01160nam a2200289 a 4500
=001  6894
=005  20251003085456.0
=008  860522s1985\\\\it\a\\\\\bc\\\001\0\ita\\
=020  \\$a8820206412 :$cL35000
=040  \\$aOI
=041  \\$aita
=245  13$aLa collezione di stampe antiche:$bMuseo di Castelvecchio, Verona
=260  \\$aMilan$bMazzotta$c1985
=300  \\$a190 pages$bill.$c24 cm
=504  \\$aBibliography: p. 189-190.
=610  \0$aMuseo di Castelvecchio (Verona, Italy)$91282
=650  \0$aFine art$1http://www.wikidata.org/entity/Q219625$921579
=650  \0$aIconography$1http://www.wikidata.org/entity/Q208145$921259
=650  \0$aPrinting$1http://www.wikidata.org/entity/Q11034$921936
=650  \0$aCatalogue$1http://www.wikidata.org/entity/Q2352616$921484
=651  \0$aItaly$1http://www.wikidata.org/entity/Q38$922
=700  \\$aDillon, Gianvittorio$4edt$910502
=700  \\$aMarinelli, Sergio$4edt$4cur$910503
=700  \\$aMarini, Giorgio$4edt$910504
=942  \\$cBOO
=952  \\$00$10$2ddc$40$6VIS_DILL$70$8VIS$96893$aORPH$bORPH$cKTS1_H$d2020-07-08$eKoopman$i33C15$oVIS DILL$p20123011$r2021-01-12 00:00:00$w2021-01-12$yBOO
=999  \\$d6894

