=LDR  00769    a2200181   4500
=001  6895
=008  221103s1938\\\\nl\f||||\||||\00|\0\dut\d
=041  \\$adut
=100  \\$aDingeldein, W. H.$4aut$910505
=245  \\$aRondom een Kerkorgel.$bhet instrument der Ned. Her. Kerk te Denekamp
=260  \\$c1938$aDenekamp
=300  \\$a12 pages
=650  \0$aOrganology$1http://www.wikidata.org/entity/Q899293$921400
=650  \0$aOrgan$1http://www.wikidata.org/entity/Q1444$92810
=651  \0$aDenekamp (Netherlands)$1http://www.wikidata.org/entity/Q3022448$925253
=942  \\$cBOO
=952  \\$00$10$2ddc$40$6INS_3_000000000000000_1E_NL_DEN$70$8INS$96894$aORPH$bORPH$cKTS0$d2020-07-08$eKoopman$i44D40$l0$oINS3.1e NL.DEN$p20126599$r2021-01-12 00:00:00$w2021-01-12$yBOO$OKoopman
=999  \\$d6895

