=LDR  01211cam a22002894a 4500
=001  6897
=005  20250120120131.0
=008  010417s2001\\\\ne\a\\\\\b\\\\001\0\dut\d
=010  \\$a  2002438658
=020  \\$a9074310729
=035  \\$a(OCoLC)ocm46934438
=040  \\$aZCU$cZCU$dDLC
=042  \\$alccopycat
=043  \\$ae-ne---
=100  \\$aDirkse, Paul$d-1946$4aut$910499
=245  10$aBegijnen, pastoors en predikanten:$breligie en kunst in de Gouden Eeuw
=260  \\$aLeiden$bPrimavera$c2001
=300  \\$a272 p. :$bill. (some col.) ;$c25 cm.
=504  \\$aIncludes bibliographical references (p. 243-253) and indexes.
=504  \\$a"Publicaties en bijdragen aan publicaties van Paul (P.P.W.M.) Dirkse": p. 255-257.
=648  \0$a17th Century (1601-1700)$1http://www.wikidata.org/entity/Q7016$920923
=650  \0$aFine art$1http://www.wikidata.org/entity/Q219625$921579
=650  \0$aReligion$1http://www.wikidata.org/entity/Q9174$93062
=651  \0$aNetherlands$1http://www.wikidata.org/entity/Q55$9173
=942  \\$cBOO
=952  \\$00$10$2ddc$40$6TOP_NL_5_000000000000000$70$8TOP$96896$aORPH$bORPH$cKTS0$d2020-07-08$eKoopman$i41C14$oTOP NL 5$p20122172$r2021-01-12 00:00:00$w2021-01-12$yBOO
=999  \\$d6897

