=LDR  01154    a2200229   4500
=001  6898
=008  210319b\\\\\\\\\\\|||||\||||\00|\0\eng\d
=020  \\$a9063751591
=041  \\$aeng
=100  \\$aDirksen, Pieter$d1961-$4aut$1http://www.wikidata.org/entity/Q28074052$910508
=245  \\$aThe Keyboard Music of Jan Pieterszoon Sweelinck:$bStyle, Significance and Influence
=260  \\$aUtrecht$bKoninklijke Vereniging voor Nederlandse Muziekgeschiedenis$c1997
=300  \\$a713 pages
=490  \\$aMuziekhistorische monografieën$v15
=600  \0$aSweelinck, Jan Pieterszoon$d1562-1621$1http://www.wikidata.org/entity/Q110294$911454
=648  \0$a16th Century (1501-1600)$1http://www.wikidata.org/entity/Q7017$920944
=648  \0$a17th Century (1601-1700)$1http://www.wikidata.org/entity/Q7016$920923
=650  \0$aKeyboard music$1http://www.wikidata.org/entity/Q105715630$921412
=651  \0$aNetherlands$1http://www.wikidata.org/entity/Q55$9173
=942  \\$cBOO
=952  \\$00$10$2ddc$40$6BIO_SWEE1_E$70$8BIO$96897$aORPH$bORPH$cKTS1_P$d2020-07-08$eKoopman$i21C41$l1$oBIO SWEE1 e$p20128198$r2021-07-12 00:00:00$s2021-03-19$w2021-01-12$yBOO
=999  \\$c6898$d6898

