=LDR  01092cam a2200241 a 4500
=001  6899
=005  20250926134854.0
=008  940620s1994\\\\gw\agh\\\b\\\\001\0dger\\
=010  \\$a   95146760 
=020  \\$z379590658X
=035  \\$a(OCoLC)30629019
=040  \\$aMWalB$cMWalB$dNN$dDLC
=042  \\$alccopycat
=100  \\$aDirksen, Pieter$d1961-$1http://www.wikidata.org/entity/Q28074052$910508
=245  10$aStudien zur Kunst der Fuge von Johann Sebastian Bach :$bUntersuchungen zur Entstehungsgeschichte, Struktur und Aufführungspraxis /$cPieter Dirksen.
=260  \\$aWilhelmshaven :$bF. Noetzel, Heinrichshofen Bücher,$cc1994.
=300  \\$a234 p. :$bill., music, facsim. ;$c22 cm.
=504  \\$aIncludes bibliographical references and indexes.
=600  \0$aBach, Johann Sebastian$d1685-1750$1http://www.wikidata.org/entity/Q1339$94766
=942  \\$cBOO
=952  \\$00$10$2ddc$40$6BIO_BACH1_E$70$8BIO$96898$aORPH$bORPH$cKTS1_P$d2020-07-08$eKoopman$i28D32$oBIO BACH1 e$p20123574$r2021-01-12 00:00:00$w2021-01-12$yBOO
=999  \\$c6899$d6899
=490  \\$aVeröffentlichungen zur Musikforschung ;

