=LDR  01089aam a2200217   4500
=001  6900
=008  240516s2002\\\\||||||||\||||\10|\0deng\d
=020  \\$a9072786092
=041  \\$aeng
=100  \\$aDirksen, Pieter$d1961-$1http://www.wikidata.org/entity/Q28074052$4edt$910508
=245  \\$aSweelinck Studies.$bProceedings of the International Sweelinck Symposium Utrecht 1999
=260  \\$aUtrecht$bSTIMU$c2002
=600  \0$aSweelinck, Jan Pieterszoon$d1562-1621$1http://www.wikidata.org/entity/Q110294$911454
=648  \0$a16th Century (1501-1600)$1http://www.wikidata.org/entity/Q7017$920944
=648  \0$a17th Century (1601-1700)$1http://www.wikidata.org/entity/Q7016$920923
=650  \0$aComposer$1http://www.wikidata.org/entity/Q36834$93625
=650  \0$aOrganist$1http://www.wikidata.org/entity/Q765778$94471
=651  \0$aAmsterdam (Netherlands)$1http://www.wikidata.org/entity/Q727$9135
=942  \\$cBOO
=952  \\$00$10$2ddc$40$6BIO_SWEE1_E$70$8BIO$96899$aORPH$bORPH$cKTS1_P$d2020-07-08$eKoopman$i30B28$l0$oBIO SWEE1 e$p20123399$r2021-01-12 00:00:00$w2021-01-12$yBOO$OKoopman
=999  \\$d6900

