=LDR  02344cam a22003014a 4500
=001  6901
=005  20250120120622.0
=008  060120s2007\\\\enkabg\\\b\\\\001\0deng\\
=020  \\$a9780754654414
=040  \\$aOI
=041  \\$aeng
=100  \\$aDirksen, Pieter$d1961-$1http://www.wikidata.org/entity/Q28074052$4aut$910508
=245  10$aHeinrich Scheidemann's Keyboard Music :$bTransmission, Style and Chronology
=260  \\$aAldershot, Hampshire$aBurlington, VT$bAshcroft$c2007
=300  \\$axxiii-254 pages$billustrations, maps, music$c24 cm
=504  \\$aIncludes bibliographical references (p. [231]-242) and indexes.
=505  0\$gPart 1 : the sources. Early sources [i] : the Wolfenbüttel autographs -- Early sources [ii] : the 'Sweelinck' sources -- Middle-period sources [i] : the Zellerfeld tablatures -- Middle-period sources [ii] -- Late sources : Lüneburg, Pelplin and the 'Clavier' anthologies -- The dates found in the sources -- Part 2 : chronology. Toccatas and 'free' imitative pieces -- Harpsichord variations and dances -- Praeambula and praeludia -- Chorale cycles -- Chorale fantasies and magnificat cycles -- Intabulations -- Scheidemann's development as a keyboard composer -- Part 3 : special studies. More on the Düben tablature and its background -- Scheidemann's 'Kunstreiche Manuduction auf dem Clavier' : fingering in the Scheidemann sources -- Ulf Grapenthin : the Catharinen organ during Scheidemann's tenure -- Scheidemann in Otterndorf : registration practice
=600  \0$aScheidemann, Heinrich$dc. 1595-1663$1http://www.wikidata.org/entity/Q61273$910510
=600  \0$aSweelinck, Jan Pieterszoon$d1562-1621$1http://www.wikidata.org/entity/Q110294$911454
=648  \0$a17th Century (1601-1700)$1http://www.wikidata.org/entity/Q7016$920923
=650  \0$aKeyboard music$1http://www.wikidata.org/entity/Q105715630$921412
=650  \0$aChronology$1http://www.wikidata.org/entity/Q130788$922826
=650  \0$aReception$1http://www.wikidata.org/entity/Q1791660$925021
=650  \0$aMusical style$1http://www.wikidata.org/entity/Q11921029$92421
=651  \0$aGermany$1http://www.wikidata.org/entity/Q183$9155
=942  \\$cBOO
=952  \\$00$10$2ddc$40$6BIO_SCHE1_E$70$8BIO$96900$aORPH$bORPH$cKTS1_P$d2020-07-08$eKoopman$i35B08$oBIO SCHE1 e$p20120782$r2021-01-12 00:00:00$w2021-01-12$yBOO$OKoopman
=999  \\$d6901

