=LDR  00791    a2200193   4500
=001  6903
=008  220415s1935\\\\gw\f||||\||||\00|\0\ger\d
=041  \\$ager
=100  \\$aDistler, Hugo$d1908-1942$4aut$1http://www.wikidata.org/entity/Q702366$924120
=245  \\$aDie beiden Orgeln in St. Jakobi zu Lübeck
=260  \\$c1935$aLübeck
=300  \\$a40 pages
=336  \\$aprinted
=650  \0$aOrganology$1http://www.wikidata.org/entity/Q899293$921400
=650  \0$aOrgan$1http://www.wikidata.org/entity/Q1444$92810
=651  \0$aLübeck (Germany)$1http://www.wikidata.org/entity/Q2843$9125
=942  \\$cBOO
=952  \\$00$10$2ddc$40$6INS_3_000000000000000_1E_DE_LUB$70$8INS$96902$aORPH$bORPH$cKTS0$d2020-07-08$eKoopman$i47C06$oINS3.1e DE.LUB$p20123744$r2021-01-12 00:00:00$w2021-01-12$yBOO
=999  \\$d6903

