=LDR  00968aam a2200205   4500
=001  6911
=008  210324s1967\\\\\\\|||||\||||\00|\0ager\d
=041  \\$ager
=100  \\$aDittersdorf, Karl Ditters von$d1739-1799$4aut$1http://www.wikidata.org/entity/Q78522$97659
=245  \\$aLebensbeschreibung seinem Sohne in die Feder diktiert
=260  \\$aMunich$bKüsel$c1967
=490  \\$aLebensläufe, Biographien, Erinnerungen, Briefe$v12
=600  \0$aDittersdorf, Karl Ditters von$d1739-1799$1http://www.wikidata.org/entity/Q78522$97659
=648  \0$a18th Century (1701-1800)$1http://www.wikidata.org/entity/Q7015$920899
=650  \0$aBiography$1http://www.wikidata.org/entity/Q36279$91927
=651  \0$aAustria$1http://www.wikidata.org/entity/Q40$9202
=700  \\$4edt$aMiller, N.$921056
=942  \\$cBOO
=952  \\$00$10$2ddc$40$6BIO_DITT_A$70$8BIO$96910$aORPH$bORPH$cKTS1_P$d2020-07-08$eKoopman$h32G03$l0$oBIO DITT a$p20122827$r2021-01-12 00:00:00$w2021-01-12$yBOO
=999  \\$d6911

