=LDR  01243cam a22002654a 4500
=001  6912
=005  20250925143257.0
=008  011010s1979\\\\enk\\\\\\b\\\\001\0ddut\\
=020  \\$a0198782004 (pbk.)
=040  \\$aOI
=041  \\$adut
=100  \\$aDitzhuyzen, R. van$d1944-$4aut$922879
=245  10$aHet Huis van Oranje:$bprinsen stadhouders koningen en koninginnen
=260  \\$aWeesp$bFibula-Van Dishoeck$c1979
=610  \0$aHouse of Orange-Nassau$1http://www.wikidata.org/entity/Q155483$922880
=648  \0$a16th Century (1501-1600)$1http://www.wikidata.org/entity/Q7017$920944
=648  \0$a17th Century (1601-1700)$1http://www.wikidata.org/entity/Q7016$920923
=648  \0$a18th Century (1701-1800)$1http://www.wikidata.org/entity/Q7015$920899
=648  \0$a19th Century (1801-1900)$1http://www.wikidata.org/entity/Q6955$920935
=648  \0$a20th Century (1901-2000)$1http://www.wikidata.org/entity/Q6927$920936
=650  \0$aBiography$1http://www.wikidata.org/entity/Q36279$91927
=651  \0$aNetherlands$1http://www.wikidata.org/entity/Q55$9173
=942  \\$cBOO
=952  \\$00$10$2ddc$40$6BIO_ORAN_D$70$8BIO$96911$aORPH$bORPH$cKTS1_P$d2020-07-08$eKoopman$i18A10$oBIO ORAN d$p20127041$r2021-01-12 00:00:00$w2021-01-12$yBOO
=999  \\$d6912

