=LDR  02449nam a2200349 a 4500
=001  6913
=005  20250120120523.0
=008  940504s1993\\\\gw\a\\\\\b\\\\010\0\ger\\
=020  \\$a3487097931
=040  \\$aOI
=041  0\$ager
=100  \\$4dte$aHucke, Helmut$910519
=245  00$aDe musica et cantu:$bStudien zur Geschichte der Kirchenmusik und der Oper. Helmut Hucke zum 60. Geburtstag
=260  \\$aHildesheim$aNew York$bOlms$c1993
=300  \\$a621 pages$billustrations$c21 cm
=490  1\$aMusikwissenschaftliche Publikationen / Hochschule für Musik und Darstellende Kunst Frankfurt/Main$x0944-8608$v2
=504  \\$a"Schriftenverzeichnis Helmut Hucke": p. [611]-621.
=505  \\$g"Wie ernst Händel das Wort nimmt": Adaptations, Outtakes and other matters in Scipione / P. Brainard -- Why would Monteverdi publish a Vespers in 1610? Lifting the Shadows on the development of a Repertoire / J. Kurtzmann -- Der schöne Hirte und seine Vorfahren / S. Leopold -- Monteverdi and Gombert: The Missa In Illo tempore of 1610 / L. Lockwood -- Rezitative in Psalm- und Stabat Mater-Vertonungen des 18. Jahrhunderts / M. Marx-Weber -- Der Tangentenflügel - ein Fortepiano / R. Menger -- Streit und Versöhnung. Zu Cimarosas Oper "Il matrimonio segreto" und ihre Vorlage / W. Seidel -- Auf der Suche nach dem Drama im dramma per musica: Die Bedeutung der französischen Tragödie / R. Strohm -- Singen und Seitenspil / S. Zak
=600  \0$aGombert, Nicolas$dfl. 16th century$1http://www.wikidata.org/entity/Q549689$922842
=600  \0$aMonteverdi, Claudio$d1567-1643$1http://www.wikidata.org/entity/Q53068$910794
=600  \0$aHandel, George Frideric$d1685-1759$1http://www.wikidata.org/entity/Q7302$94765
=600  \0$aCimarosa, Domenico$d1749-1801$1http://www.wikidata.org/entity/Q191775$95848
=650  \0$aMusic history$1http://www.wikidata.org/entity/Q846047$921373
=650  \0$aChurch music$1http://www.wikidata.org/entity/Q8812109$92283
=650  \0$aOpera$1http://www.wikidata.org/entity/Q1344$92468
=650  \0$aStabat Mater$1http://www.wikidata.org/entity/Q210080$93713
=650  \0$aPsalm$1http://www.wikidata.org/entity/Q12497663$92164
=700  \\$aCahn, Peter$4edt$910520
=700  \\$aHeimer, Ann-Katrin$4edt$910521
=942  \\$cBOO
=952  \\$00$10$2ddc$40$6REF_4_000000000000000_HUCK$70$8REF$96912$aORPH$bORPH$cKM12_1$d2020-07-08$eKoopman$i33E18$oREF4 HUCK$p20120951$r2021-01-12 00:00:00$w2021-01-12$yBOO
=999  \\$d6913

