=LDR  00930    a2200217   4500
=001  6914
=005  20250925143257.0
=008  211118s1994\\\\gw\f||||\||||\01|\0dger\d
=041  \\$ager
=100  \\$4edt$915324$aLade, Günter
=245  \\$a40 Jahre Orgelbau Jürgen Ahrend 1954-1994. Festschrift
=260  \\$c1994$aBremen$bJürgen Ahrend
=300  \\$a84 pages
=600  \0$aAhrend, Jürgen$d-1930$1http://www.wikidata.org/entity/Q468310$922934
=648  \0$a20th Century (1901-2000)$1http://www.wikidata.org/entity/Q6927$920936
=650  \0$aOrgan$1http://www.wikidata.org/entity/Q1444$92810
=650  \0$aOrganology$1http://www.wikidata.org/entity/Q899293$921400
=651  \0$aGermany$1http://www.wikidata.org/entity/Q183$9155
=942  \\$cBOO
=952  \\$00$10$2ddc$40$6INS_3_000000000000000_1B_AHRE$70$8INS$96913$aORPH$bORPH$cKTS0$d2020-07-08$eKoopman$i18A38$oINS3.1b AHRE$p20127451$r2021-01-12 00:00:00$w2021-01-12$yBOO
=999  \\$d6914

