=LDR  01109cam a2200277 a 4500
=001  6918
=005  20250128120921.0
=008  880903s1988\\\\gw\ag\\\\b\\\\011\0\ger\\
=020  \\$a3890071449
=040  \\$aOI
=041  0\$ager$aeng
=100  \\$4dte$aDahlhaus, Carl$d1928-1989$916277
=245  04$aDas Musikalische Kunstwerk :Geschichte, Ästhetik, Theorie. Festschrift Carl Dahlhaus zum 60. Geburtstag
=260  \\$aLaaber$bLaaber-Verlag$c1988
=300  \\$axii-826 pages$bill., music ;$c27 cm.
=504  \\$a"Schriftenverzeichnis Carl Dahlhaus": p. [777]-815.
=504  \\$aIncludes bibliographical references and index.
=650  \0$aMusic$92062
=700  \\$aDanuser, Hermann$4edt$916156
=700  \\$aMotte-Haber, Helga de la$4edt$916944
=700  \\$aLeopold, Silke$4edt$912377
=700  \\$aMiller, N.$4edt$921056
=942  \\$cBOO
=952  \\$00$10$2ddc$40$6REF_4_000000000000000_DAHL$70$8REF$96917$aORPH$bORPH$cKM12_1$d2020-07-08$eKoopman$i38B09$oREF4 DAHL$p20120469$r2021-01-12 00:00:00$w2021-01-12$yBOO
=999  \\$c6918$d6918
=650  \0$aMusic history$1http://www.wikidata.org/entity/Q846047$921373

