=LDR  00394    a2200121   4500
=001  6923
=020  \\$a8400039785
=100  \\$aDiverse$4cmp$910528
=245  \\$aMusica barroca española
=260  \\$c1973
=942  \\$cSCO
=952  \\$00$10$2ddc$40$6SCO_MISC_QUER$70$8SCO$96922$aORPH$bORPH$cKTS1_H$d2020-07-08$eKoopman$iW154$l0$oSCO MISC QUER$p20121707$r2021-01-12 00:00:00$w2021-01-12$ySCO$OW.0154
=999  \\$c6923$d6923

