=LDR  00376    a2200109   4500
=001  6924
=100  \\$aDiverse$4cmp$910528
=245  \\$aWerken voor sopraan-blokfluit
=260  \\$c1973
=942  \\$cSCO
=952  \\$00$10$2ddc$40$6SCO_MISC_RASC$70$8SCO$96923$aORPH$bORPH$cKTS1_H$d2020-07-08$eKoopman$iW178-I$l0$oSCO MISC RASC$p20121705$r2021-01-12 00:00:00$w2021-01-12$ySCO$OW.0178-I
=999  \\$c6924$d6924

