=LDR  00381    a2200109   4500
=001  6925
=100  \\$aDiverse$4cmp$910528
=245  \\$aWerken voor sopraan-blokfluit en
=260  \\$c1974
=942  \\$cSCO
=952  \\$00$10$2ddc$40$6SCO_MISC_RASC$70$8SCO$96924$aORPH$bORPH$cKTS1_P$d2020-07-08$eKoopman$iW178-VI$l0$oSCO MISC RASC$p20121701$r2021-01-12 00:00:00$w2021-01-12$ySCO$OW.0178-VI
=999  \\$c6925$d6925

