=LDR  00374    a2200109   4500
=001  6926
=100  \\$aDiverse$4cmp$910528
=245  \\$aMusic of the polish renaissance
=260  \\$c1955
=942  \\$cSCO
=952  \\$00$10$2ddc$40$6SCO_MISC_CHOM$70$8SCO$96925$aORPH$bORPH$cKTS1_H$d2020-07-08$eKoopman$iW289$l0$oSCO MISC CHOM$p20121679$r2021-01-12 00:00:00$w2021-01-12$ySCO$OW.0289
=999  \\$c6926$d6926

