=LDR  00371    a2200109   4500
=001  6928
=100  \\$aDiverse$4cmp$910528
=245  \\$aL'amorosa ero (Brescia 1588)
=260  \\$c1968
=942  \\$cSCO
=952  \\$00$10$2ddc$40$6SCO_MISC_LINC$70$8SCO$96927$aORPH$bORPH$cKTS1_H$d2020-07-08$eKoopman$iW742$l0$oSCO MISC LINC$p20121636$r2021-01-12 00:00:00$w2021-01-12$ySCO$OW.0742
=999  \\$c6928$d6928

