=LDR  00378    a2200109   4500
=001  6929
=100  \\$aDiverse$4cmp$910528
=245  \\$aAntalogia de polifonia portuguesa
=260  \\$c1982
=942  \\$cSCO
=952  \\$00$10$2ddc$40$6SCO_MISC_STEV3$70$8SCO$96928$aORPH$bORPH$cKTS1_H$d2020-07-08$eKoopman$iW984$l0$oSCO MISC STEV3$p20124088$r2021-01-12 00:00:00$w2021-01-12$ySCO$OW.0984
=999  \\$c6929$d6929

