=LDR  00380    a2200109   4500
=001  6930
=100  \\$aDiverse$4cmp$910528
=245  \\$aEnglish Songs 1625-1660
=260  \\$c1971
=942  \\$cSCO
=952  \\$00$10$2ddc$40$6SCO_MISC_SPIN$70$8SCO$96929$aORPH$bORPH$cKTS1_H$d2020-07-08$eKoopman$iW992-XXXIII$l0$oSCO MISC SPIN$p20121626$r2021-01-12 00:00:00$w2021-01-12$ySCO$OW.0992-XXXIII
=999  \\$c6930$d6930

