=LDR  01801pcm a2200325 a 4500
=001  6931
=005  20250121142121.0
=008  840802s1984\\\\nyusya\\\bceh\\n\\\\eng\\
=020  \\$a0824038495 (alk. paper) :$c$90.00
=040  \\$aOI
=041  \\$aeng
=245  04$aThe Symphony at Mannheim
=260  \\$aNew York$bGarland$c1984
=300  \\$a1 score (lxxxiii, 339 p.) ;$c31 cm.
=490  \\$aThe Symphony, 1720-1840
=505  0\$aSymphony in D major (DTB/Wolf D-9). Symphony in D major (DTB/Wolf D-8). Symphony in E-flat major (DTB/Wolf E♭-4). Symphony in F major (DTB/Wolf F-3). Symphony in E-flat major (DTB/Wolf E♭-5a) / Johann Stamitz ; edited by Eugene K. Wolf -- Symphony no. 22 in C major (22, C3). Symphony no. 32 in D major (32, D3). Symphony no. 57 in E-flat major (57, E♭10). Symphony no. 73 in C major (73, C9) / Christian Cannabich ; edited by Jean K. Wolf.
=590  \\$aintroduction by Eugene K. Wolf.
=648  \0$a18th Century (1701-1800)$1http://www.wikidata.org/entity/Q7015$920899
=651  \0$aMannheim (Germany)$1http://www.wikidata.org/entity/Q2119$9218
=700  \\$aWolf, Eugene K.$4win$910529
=700  \\$aWolf, Jean K.$4edt$910530
=700  \2$aStamitz, Johann$d1717-1757$4cmp$1http://www.wikidata.org/entity/Q156033$96346
=700  \2$aCannabich, Christian$d1731-1798$4cmp$1http://www.wikidata.org/entity/Q704681$910532
=700  12$tSymphonies.$kSelections.
=700  12$tSymphonies.$kSelections.
=942  \\$cSCO
=952  \\$00$10$2ddc$40$6SCO_MISC_WOLF5$70$8SCO$96930$aORPH$bORPH$cKTS1_H$d2020-07-08$eKoopman$iW1005-C:III$l0$oSCO MISC WOLF5$p20124025$r2021-01-12 00:00:00$w2021-01-12$ySCO
=999  \\$c6931$d6931
=650  \0$aInstrumental music$1http://www.wikidata.org/entity/Q639197$92106
=650  \0$aSymphony$1http://www.wikidata.org/entity/Q9734$92527

