=LDR  02148ccm a2200253 a 4500
=001  6932
=005  20250120120031.0
=008  840625s1984\\\\nyumua\\\bc\\\\n\\\\eng\\
=020  \\$a0824038401 (alk. paper) :$c$90.00
=040  \\$aOI
=041  0\$aeng
=100  \\$4edt$aPlatt, Richard$d1928-$925028
=245  04$aThe Symphony and Overture in Great Britain
=260  \\$aNew York$bGarland$c1984
=300  \\$acxi-399 pages$c31 cm
=500  \\$aIncludes thematic indexes.
=504  \\$aBibliography: p. cx-cxi.
=505  0\$aThree early English symphonic works: Overture in C major : The twinn rivalls : 1702 / William Croft. Symphony in F major : Venus and Adonis : 1715 / Johann Christoph Pepusch. Sinfonia in D major : New Year ode 1740 / Maurice Greene -- Three overtures: B-flat major, op. 4, no. 4 (4) (1742) ; G major, op. 4, no. 6 (6), 1742 ; G major, op. 4, no. 9 (9), 1742 / Barsanti -- Four symphonic works: Quartetto no. 1 in C major, ca. 1760 ; Quartetto no. 2 in E-flat major, ca. 1760 ; Quartetto no. 3 in G major, ca. 1760 ; Overture to The royal shepherd : 1764 / Rush -- Two overtures: C major, op. 1, no. 2 (2), before 1761 ; Periodical overture : no. 28 in B-flat major : The maid of the mill : (10), ca. 1764 / Kelly -- Two symphonies: E-flat major, op. 2, no. 5 (5), ca. 1766 ; G major, op. 2, no. 6 (6), ca. 1766 / Collett -- One symphony: D major (5), 1770 / Fisher -- One symphony: Overture in E-flat major : The fairy prince : (14), 1771 / Arne -- One symphony: Overture in E-flat major : Ode for the New Year 1776 (31) / Boyce -- One overture: G major, op. 6, no. 1 (13), 1776 or earlier / Barthélémon -- One symphony: no. 3 in D major, ca. 1785 / Marsh -- One symphony: D major (1), ca. 1794 / Haigh.
=650  \0$aSymphony$1http://www.wikidata.org/entity/Q9734$92527
=650  \0$aOverture$1http://www.wikidata.org/entity/Q202287$921591
=651  \0$aUnited Kingdom$1http://www.wikidata.org/entity/Q21$9273
=942  \\$cSCO
=952  \\$00$10$2ddc$40$6SCO_MISC_PLAT$70$8SCO$96931$aORPH$bORPH$cKTS1_H$d2020-07-08$eKoopman$iW1005-E:I$l0$oSCO MISC PLAT$p20124024$r2021-01-12 00:00:00$w2021-01-12$ySCO$OW.1005-E:I
=999  \\$d6932

