=LDR  01398acm a2200253   4500
=001  6933
=005  20251019212258.0
=008  251019s1962\\\\|||||a||\||||\00|\0\mul\d
=041  \\$ager$dita$eita
=100  \\$aSchoenbaum, C.$4edt$941619
=245  \\$aGeistliche Solomotetten des 18. Jahrhunderts
=260  \\$aGraz$aVienna$bAkademische Druck- u. Verlagsanstalt$c1962
=490  \\$aDenkmäler der Tonkunst Österreichs$v101-102
=505  \\$gSalve pater Salvatoris / Caldara -- Alma Redemptoris Mater / Conti -- Laudate pueri / Fux -- Alma Redemptoris Mater / Fux -- Ecce nunc benedicite / Fux -- Isti qui amicti sunt / Fux
=648  \0$a18th Century (1701-1800)$1http://www.wikidata.org/entity/Q7015$920899
=650  \0$aMotet$1http://www.wikidata.org/entity/Q188285$92028
=650  \0$aCatholicism$1http://www.wikidata.org/entity/Q1841$921631
=651  \0$aVienna (Austria)$1http://www.wikidata.org/entity/Q1741$920937
=700  \\$aCaldara, Antonio$d1670-1736$1http://www.wikidata.org/entity/Q311571$4cmp$914892
=700  \\$aConti, Francesco$d1681/2-1732$1http://www.wikidata.org/entity/Q691763$4cmp$915437
=700  \\$aFux, Johann Joseph$d1660-1741$1http://www.wikidata.org/entity/Q311378$4cmp$910900
=942  \\$cSCO
=952  \\$00$10$2ddc$40$70$8SCO$96932$aORPH$bORPH$cKTS1_P$d2020-07-08$eKoopman$iWG.1030-101/102$l0$p20121813$r2021-01-12 00:00:00$w2021-01-12$ySCO$OW.1030-101/102
=999  \\$d6933

