=LDR  01092ccm a2200265 a 4500
=001  6937
=005  20250120115915.0
=008  910521m19859999gw\ora\\\\\\\\\n\\\\ita\\
=010  \\$a   91753221 
=020  \\$a3890070221 (v. 1)
=040  \\$aOI
=041  0\$aita$alat$gger
=100  \\$aSmither, Howard E.$4edt$914117
=245  00$aOratorios of the Italian Baroque$nI$pAntecedents of the Oratorio: Sacred Dramatic Dialogues, 1600–1630
=260  \\$aLaaber$bLaaber-Verlag$c1985
=300  \\$ascore$bfacsimiles$c33 cm
=490  1\$aConcentus musicus$v7
=500  \\$aIncludes commentary and critical report.
=648  \0$a17th Century (1601-1700)$1http://www.wikidata.org/entity/Q7016$920923
=650  \0$aOratorio$1http://www.wikidata.org/entity/Q85477$91825
=650  \0$aCatholicism$1http://www.wikidata.org/entity/Q1841$921631
=651  \0$aItaly$1http://www.wikidata.org/entity/Q38$922
=942  \\$cSCO
=952  \\$00$10$2ddc$40$6SCO_MISC_SMIT$70$8SCO$96936$aORPH$bORPH$cKTS1_H$d2020-07-08$eKoopman$iW1237-VII$l0$oSCO MISC SMIT$p20121760$r2021-01-12 00:00:00$w2021-01-12$ySCO
=999  \\$d6937

