=LDR  00392    a2200109   4500
=001  6946
=100  \\$aDiverse$4cmp$910528
=245  \\$aDie Oper I, Änfange bis 17. Jahrhundert
=260  \\$c1971
=942  \\$cSCO
=952  \\$00$10$2ddc$40$6SCO_MISC_WOLF6$70$8SCO$96945$aORPH$bORPH$cKTS1_H$d2020-07-08$eKoopman$iW1555-38$l0$oSCO MISC WOLF6$p20121772$r2021-01-12 00:00:00$w2021-01-12$ySCO$OW.1555-38
=999  \\$c6946$d6946

