=LDR  00381    a2200109   4500
=001  6948
=100  \\$aDiverse$4cmp$910528
=245  \\$aDie Oper III, 19. Jahrhundert
=260  \\$c1972
=942  \\$cSCO
=952  \\$00$10$2ddc$40$6SCO_MISC_WOLF6$70$8SCO$96947$aORPH$bORPH$cKTS1_H$d2020-07-08$eKoopman$iW1555-40$l0$oSCO MISC WOLF6$p20121770$r2021-01-12 00:00:00$w2021-01-12$ySCO$OW.1555-40
=999  \\$c6948$d6948

