=LDR  00413    a2200109   4500
=001  6949
=100  \\$aDiverse$4cmp$910528
=245  \\$aOriginale Gesangsimprovisationen des 16. bis 18. Jahrhunderts
=260  \\$c1972
=942  \\$cSCO
=952  \\$00$10$2ddc$40$6SCO_MISC_WOLF6$70$8SCO$96948$aORPH$bORPH$cKTS1_H$d2020-07-08$eKoopman$iW1555-41$l0$oSCO MISC WOLF6$p20121769$r2021-01-12 00:00:00$w2021-01-12$ySCO$OW.1555-41
=999  \\$c6949$d6949

