=LDR  00384    a2200109   4500
=001  6953
=100  \\$aDiverse$4cmp$910528
=245  \\$aDe Leidse Koorboeken Codex A Tomus I
=260  \\$c1970
=942  \\$cSCO
=952  \\$00$10$2ddc$40$6SCO_MISC_KEMP$70$8SCO$96952$aORPH$bORPH$cKTS1_H$d2020-07-08$eKoopman$iW2090-1$l0$oSCO MISC KEMP$p20121843$r2021-01-12 00:00:00$w2021-01-12$ySCO$OW.2090-1
=999  \\$c6953$d6953

