=LDR  00386    a2200109   4500
=001  6954
=100  \\$aDiverse$4cmp$910528
=245  \\$aDe Leidse Koorboeken Codex A Tomus II
=260  \\$c1973
=942  \\$cSCO
=952  \\$00$10$2ddc$40$6SCO_MISC_KEMP$70$8SCO$96953$aORPH$bORPH$cKTS1_H$d2020-07-08$eKoopman$iW2090-II$l0$oSCO MISC KEMP$p20121849$r2021-01-12 00:00:00$w2021-01-12$ySCO$OW.2090-2
=999  \\$c6954$d6954

