=LDR  01457ccm a2200265 a 4500
=001  6955
=005  20250121142121.0
=008  960227s1995\\\\it\moa\\\bdhi\\n\\\\ita\\
=020  \\$a8870961206
=040  \\$aOI
=041  0\$alat$gfreengita$hfre
=245  02$aI vespri nel XVIII secolo
=246  3\$aVespri nel diciottesimo secolo
=260  \\$aLucca$bLibreria musicale italiana$c1995
=300  \\$a1 score (xxxii, 150 p.) ;$c30 cm.
=490  1\$aL'arte armonica$v1
=504  \\$aIncludes bibliographical references.
=505  0\$aDixit Dominus ; Beatus vir ; Laudate pueri Dominum ; 5 antifone per il Comune della Beata Vergine ; 5 antifone per il vespro dell'Assunzione ; 5 antifone per il Vespro della Natività ; Ave Maris stella ; Magnificat ; Magnificat / Pietro Paolo Bencini -- Custodi me Domine : motetto ; O sacrum convivium : motetto ; O sacrum convivium : motetto / Paolo Lorenzani -- Portas caeli : offertorio / Girolamo Galavotti -- Magnificat ; Magnificat / Francesco Grassi.
=648  \0$a18th Century (1701-1800)$1http://www.wikidata.org/entity/Q7015$920899
=650  \0$aMotet$1http://www.wikidata.org/entity/Q188285$92028
=650  \0$aVespers$1http://www.wikidata.org/entity/Q827135$93370
=700  \\$aLionnet, Jean$4edt$910539
=942  \\$cSCO
=952  \\$00$10$2ddc$40$6SCO_MISC_LION$70$8SCO$96954$aORPH$bORPH$cKTS1_H$d2020-07-08$eKoopman$iW2375-I$l0$oSCO MISC LION$p20121915$r2021-01-12 00:00:00$w2021-01-12$ySCO$OW.2375 I
=999  \\$d6955

