=LDR  01285ccm a2200301 a 4500
=001  6957
=005  20250120120223.0
=008  890504s1988\\\\sp\sga\\\bhi\\\n\\\\spa\d
=010  \\$a   96705572 
=020  \\$a8400068068
=035  \\$a(OCoLC)19653606
=040  \\$aOOxM$cOOxM$dOCoLC$dCNoS$dDLC
=042  \\$alccopycat
=043  \\$ae-sp---
=245  00$aCanciones a solo y duos del siglo XVII /$ctranscripción y realización del acompañamiento por Miguel Querol Gavaldá.
=260  \\$aBarcelona :$bConsejo Superior de Investigaciones Científicas,$c1988.
=300  \\$a1 score (xvi, 122 p.) ;$c33 cm.
=504  \\$aIncludes bibliographical references.
=650  \0$aSong$1http://www.wikidata.org/entity/Q7366$94164
=650  \0$aSong$1http://www.wikidata.org/entity/Q7366$94164
=650  \0$aDuet$1http://www.wikidata.org/entity/Q109940$92394
=700  \\$aQuerol Gavaldá, Miguel$910540
=942  \\$cSCO
=952  \\$00$10$2ddc$40$6BIO_MISC_QUER$70$8SCO$96956$aORPH$bORPH$cKTS1_H$d2020-07-08$eKoopman$iW2618$l0$oBIO MISC QUER$p20121899$r2021-01-12 00:00:00$w2021-01-12$ySCO$OW.2618
=999  \\$c6957$d6957
=490  \\$aMúsica barroca española ;
=490  \\$aMonumentos de la música española ;
=648  \0$a17th Century (1601-1700)$1http://www.wikidata.org/entity/Q7016$920923

