=LDR  01229ccm a2200265 a 4500
=001  6958
=005  20250120120033.0
=008  840413s1981\\\\sp\opa\\\\\\\\\n\\\\spa\\
=020  \\$a8400047966
=040  \\$aOI
=048  \\$bvn$aca$akn01
=245  00$aTeatro musical de Calderón /$cestudio, transcripción y realización del acompañamiento por Miguel Querol Gavaldá.
=260  \\$aBarcelona :$bConsejo Superior de Investigaciones Científicas, Instituto Español de Musicología,$c1981.
=300  \\$a1 score (36, 182 p., [1] leaf of plates) :$bfacsims. ;$c33 cm.
=650  \0$aIncidental music$1http://www.wikidata.org/entity/Q1147752$92558
=650  \0$aPlay (theater)$93575
=650  \0$aOpera$1http://www.wikidata.org/entity/Q1344$92468
=700  \\$aCalderón de la Barca, Pedro$d1600-1681$1http://www.wikidata.org/entity/Q170800$910541
=700  \\$aQuerol Gavaldá, Miguel$910540
=700  \\$aPeyró, José$910542
=942  \\$cSCO
=952  \\$00$10$2ddc$40$6SCO_MISC_QUER$70$8SCO$96957$aORPH$bORPH$cKTS1_H$d2020-07-08$eKoopman$iW2619$l0$oSCO MISC QUER$p20121898$r2021-01-12 00:00:00$w2021-01-12$ySCO$OW.2619
=999  \\$c6958$d6958
=490  \\$aMúsica barroca española ;
=490  \\$aMonumentos de la música española ;

