=LDR  02679acm a2200397   4500
=001  6959
=008  250715s1950\\\\||||||||\||||\00|\0\eng\d
=041  \\$aeng
=245  \\$aHistorical Anthology of Music: Oriental, Medieval and Renaissance Music
=260  \\$aCambridge, MA$bHarvard University Press$c1950
=648  \0$aMiddle Ages (500-1400)$1http://www.wikidata.org/entity/Q12554$920964
=648  \0$aRenaissance (1400-1600)$1http://www.wikidata.org/entity/Q4692$920965
=700  \\$aDavison, Archibald Thompson$d1883-1961$4edt$921099
=700  \\$aApel, Willi$d1893-1988$1http://www.wikidata.org/entity/Q215916$4edt$99146
=700  \\$aMachaut, Guillaume de$dc. 1300-1377$1http://www.wikidata.org/entity/Q200580$4cmp$917669
=700  \\$aJacopo da Bologna$dfl. 1340-1360$1http://www.wikidata.org/entity/Q510939$4cmp$940805
=700  \\$aLandini, Francesco$dc. 1325-1397$1http://www.wikidata.org/entity/Q311674$4cmp$922716
=700  \\$aDunstable, John$dc. 1390-1453$1http://www.wikidata.org/entity/Q215134$4cmp$918813
=700  \\$aDufay, Guillaume$d1397-1474$1http://www.wikidata.org/entity/Q207717$4cmp$917673
=700  \\$aBinchois, Gilles$dc. 1400-1460$1http://www.wikidata.org/entity/Q214964$4cmp$922556
=700  \\$aOckeghem, Johannes$dc. 1410-1497$1http://www.wikidata.org/entity/Q143059$4cmp$916500
=700  \\$aObrecht, Jacob$d1457-1505$1http://www.wikidata.org/entity/Q311629$4cmp$919471
=700  \\$aIsaac, Heinrich$dc. 1450-1517$1http://www.wikidata.org/entity/Q316668$4cmp$919472
=700  \\$aTromboncino, Bartolomeo$d1470-1535$1http://www.wikidata.org/entity/Q809518$4cmp$940556
=700  1\$aJanequin, Clément$d1472/75/85-1558/9$1http://www.wikidata.org/entity/Q71526$4cmp$939971
=700  1\$aMilán, Luis de$dc. 1561$1http://www.wikidata.org/entity/Q706495$4cmp$939849
=700  \\$aCabezón, Antonio de$d1510-1566$1http://www.wikidata.org/entity/Q356953$4cmp$922688
=700  \\$aGuerrero, Francisco$d1528-1599$1http://www.wikidata.org/entity/Q470568$4cmp$929332
=700  \\$aMarenzio, Luca$d1553-1599$1http://www.wikidata.org/entity/Q316532$4cmp$921689
=700  \\$aMerulo, Claudio$d1533-1604$1http://www.wikidata.org/entity/Q380517$4cmp$97220
=700  1\$aPicchi, Giovanni$d1571-1643$1http://www.wikidata.org/entity/Q1388720$4cmp$97578
=700  \\$aPraetorius, Michael$d1571-1621$1http://www.wikidata.org/entity/Q108278$4cmp$97239
=700  \\$aBull, John$d1562-1628$1http://www.wikidata.org/entity/Q511463$4cmp$97375
=942  \\$cSCO
=952  \\$00$10$2ddc$40$6SCO_MISC_DAVI$70$8SCO$96958$aORPH$bORPH$cKTS1_H$d2020-07-08$eKoopman$iWG.2671$l0$oSCO MISC DAVI$p20121886$r2021-01-12 00:00:00$w2021-01-12$ySCO$OW.2671
=999  \\$d6959

