=LDR  01205cam a2200289 a 4500
=001  6963
=005  20250120120155.0
=008  850322s1986\\\\enkg\\\\\b\\\\001\0beng\\
=020  \\$a0193152495 :$c$10.95
=020  \\$a0193152436 (pbk.) :$c$5.95
=040  \\$aOI
=041  \\$aeng
=100  \\$aDixon, Graham$4aut$910543
=245  10$aCarissimi
=260  \\$aOxford$aNew York$bOxford University Press$c1986
=300  \\$avii, 84 p. :$bmusic ;$c23 cm.
=490  \\$aOxford Studies of Composers$v20
=504  \\$aBibliography: p.81-82.
=600  \0$aCarissimi, Giacomo$d1605-1674$1http://www.wikidata.org/entity/Q312686$910544
=648  \0$a17th Century (1601-1700)$1http://www.wikidata.org/entity/Q7016$920923
=650  \0$aComposer$1http://www.wikidata.org/entity/Q36834$93625
=650  \0$aBiography$1http://www.wikidata.org/entity/Q36279$91927
=651  \0$aItaly$1http://www.wikidata.org/entity/Q38$922
=856  \\$uhttp://www.loc.gov/catdir/enhancements/fy0638/85007202-d.html$3Publisher description
=942  \\$cBOO
=952  \\$00$10$2ddc$40$6BIO_CARI_D$70$8BIO$96962$aORPH$bORPH$cKTS1_P$d2020-07-08$eKoopman$i32C48$l0$oBIO CARI d$p20122871$r2021-01-12 00:00:00$w2021-01-12$yBOO
=999  \\$c6963$d6963

