=LDR  03448aam a2200313   4500
=001  6964
=008  220506s1981\\\\||||||||\||||\00|\0\eng\d
=041  \\$aeng
=100  \\$aDixon, Graham$4aut$910543
=245  \\$aLiturgical Music in Rome 1605-45
=260  \\$aDurham$bDurham University$c1981
=300  \\$a2 vols.
=500  \\$aPrinted version of a downloaded doctoral dissertation
=520  \\$aResearch has been undertaken on Palestrina, the main figure in Roman liturgical music at the close of the 16th century, and on Carissimi who enjoyed a similar position in the mid-17th century. While there exists a considerable stylistic distinction between the work of these composers, little attempt has been made to trace the transition of the intervening generation. It has been held that Romans so revered the memory of Palestrina as to continue to imitate his style, and to allow no place for the manifestation of an idiom more typical of the seicento, with its monodies and the continuo. The thesis examines this repertory, and indicates that Roman composers did keep pace with progressive tendencies which were becoming apparent throughout the peninsula. The small-scale motet was popular in Rome from the 1590s; the solo and concertato motets gained currency in Rome from the second decade of the century; and the basso continuo was standard from 1603 onwards. A different view therefore emerges from the traditional one stated in Bukofzer's Music in the Baroque Era where Rome is described as the 'bulwark of traditionalism'. Chapter I gives an introduction to previous literature and Chapter II deals with historical and artistic aspects of the period. The thesis then falls broadly into two parts, the one archival and the other dealing with the music. Chapter III discusses references to music in the archives of five churches. The music is then discussed according to liturgical function: the Mass is treated in Chapter IV; music for the divine office (Vespers, Matins and Compline) in Chapter V; and the motet in Chapter VI. Finally, a synthesis of archival and musical material is presented in the one area where this is possible, the multiple-choir repertory commonly called the 'colossal Baroque'.
=600  \0$aPalestrina, Giovanni Pierluigi da$dc. 1525-1594$1http://www.wikidata.org/entity/Q179277$910834
=600  \0$aCarissimi, Giacomo$d1605-1674$1http://www.wikidata.org/entity/Q312686$910544
=648  \0$a17th Century (1601-1700)$1http://www.wikidata.org/entity/Q7016$920923
=650  \0$aMusic history$1http://www.wikidata.org/entity/Q846047$921373
=650  \0$aChurch music$1http://www.wikidata.org/entity/Q8812109$92283
=650  \0$aMusical style$1http://www.wikidata.org/entity/Q11921029$92421
=650  \0$aMass$1http://www.wikidata.org/entity/Q217295$92735
=650  \0$aMotet$1http://www.wikidata.org/entity/Q188285$92028
=650  \0$aDivine office$1http://www.wikidata.org/entity/Q45774$927121
=651  \0$aRome (Italy)$1http://www.wikidata.org/entity/Q220$949
=856  \\$uhttp://etheses.dur.ac.uk/4922/
=942  \\$cBOO
=952  \\$00$10$2ddc$3vol. 1$40$6TOP_IT_ROM_5_000000000000000$70$8TOP$96963$aORPH$bORPH$cKTS0$d2020-07-08$eKoopman$i45F15$oTOP IT.ROM 5$p20127511$r2021-01-12 00:00:00$w2021-01-12$yBOO
=952  \\$00$10$2ddc$3vol. 2$40$6TOP_IT_ROM_5_000000000000000$70$8TOP$96964$aORPH$bORPH$cKTS0$d2020-07-08$eKoopman$i45F15$oTOP IT.ROM 5$p20127510$r2021-01-12 00:00:00$w2021-01-12$yBOO
=999  \\$d6964

