=LDR  00764aam a2200181   4500
=001  6966
=008  230928s1960\\\\||||||||\||||\00|\0\ger\d
=041  \\$ager
=100  \\$aDöbereiner, Christian$4aut$910546
=245  \\$aZur Renaissance Alter Musik.$bAbhandlungen über alte Musikpraxis
=260  \\$aTutzing$bSchneider$c1960
=300  \\$a96 pages
=561  \\$aEx libris Gerrit Vellekoop (1907-1984)
=650  \0$1http://www.wikidata.org/entity/Q436016$aEarly music$93160
=650  \0$1http://www.wikidata.org/entity/Q1344860$aHistorically informed performance$920980
=942  \\$cBOO
=952  \\$00$10$2ddc$40$6MTP_2_000000000000000_DOBE$70$8MTP$96965$aORPH$bORPH$cKM12_1$d2020-07-08$eKoopman$i43F08$l0$oMTP2 DOBE$p20126473$r2021-01-12 00:00:00$w2021-01-12$yBOO
=999  \\$d6966

