=LDR  01206aam a2200265   4500
=001  6967
=008  220902s2006\\\\|||oa|||\b|||\001\0dger\d
=020  \\$a3898070697
=041  \\$ager
=100  \\$aDobritzsch, Elisabeth$4aut$910547
=245  \\$aBarocke Zauberbühne:$bDas Ekhof-Theater im Schloß Friedenstein Gotha
=250  \\$a2nd Ed.
=260  \\$aWeimar$bHain$c2004
=300  \\$a240 pages
=490  \\$aGothaisches Museums-Jahrbuch$vBand 8
=610  \0$aEkhof-Theater (Gotha, Germany)$1http://www.wikidata.org/entity/Q1322542$924821
=648  \0$a18th Century (1701-1800)$1http://www.wikidata.org/entity/Q7015$920899
=650  \0$aTheater$1http://www.wikidata.org/entity/Q24354$92225
=650  \0$aArchitecture$1http://www.wikidata.org/entity/Q12271$93185
=650  \0$aStaging$1http://www.wikidata.org/entity/Q3508687$922118
=650  \0$aTheater history$1http://www.wikidata.org/entity/Q1061140$94607
=651  \0$aGotha (Germany)$1http://www.wikidata.org/entity/Q6986$921574
=942  \\$cBOO
=952  \\$00$10$2ddc$40$6TOP_DE_GOT1_5_000000000000000$70$8TOP$96966$aORPH$bORPH$cKTS0$d2020-07-08$eKoopman$i43B36$l0$oTOP DE.GOT1 5$p20127216$r2021-01-12 00:00:00$w2021-01-12$yBOO$OKoopman
=999  \\$d6967

