=LDR  00684    a2200169   4500
=001  6968
=008  231030s1971\\\\pt\a||||\||||\00|\0\mul\d
=041  \\$apor$dger
=100  \\$aDoderer, Gerhard$4aut$910549
=245  \\$aClavicórdios portugueses do século dezoito
=260  \\$c1971$aLisbon$bFundação Calouste Gulbenkian
=300  \\$a106 pages
=650  \0$aClavichord$1http://www.wikidata.org/entity/Q191823$92126
=651  \0$aPortugal$1http://www.wikidata.org/entity/Q45$9136
=942  \\$cBOO
=952  \\$00$10$2ddc$40$6INS_3_000000000000000_2A_PT$70$8INS$96967$aORPH$bORPH$cKTS0$d2020-07-08$eKoopman$i21B25$l0$oINS3.2a PT$p20128414$r2021-01-12 00:00:00$w2021-01-12$yBOO$OKoopman
=999  \\$d6968

