=LDR  01032cam a2200229 i 4500
=001  6969
=005  20250821130544.0
=008  221128s1978\\\\gw\a||||\||||\00|\0\ger\d
=041  \\$ager
=100  \\$aDoderer, Gerhard$4aut$910549
=245  10$aOrgelmusik und Orgelbau im Portugal des 17. Jahrhunderts.$bUntersuchungen an Hand des Ms 964 der Biblioteca Pública in Braga
=260  \\$aTutzing$bSchneider$c1978
=300  \\$a313 pages$bill., fold. map, music ;$c24 cm
=490  0\$aWürzburger musikhistorische Beiträge$v5
=504  \\$aBibliography: p. 301-305.
=650  \0$aOrgan music$1http://www.wikidata.org/entity/Q2003283$91951
=650  \0$aOrgan$1http://www.wikidata.org/entity/Q1444$92810
=650  \0$aOrganology$1http://www.wikidata.org/entity/Q899293$921400
=651  10$aPortugal$1http://www.wikidata.org/entity/Q45$9136
=942  \\$cBOO
=952  \\$00$10$2ddc$40$6INS_3_000000000000000_1A_PT$70$8INS$96968$aORPH$bORPH$cKTS0$d2020-07-08$eKoopman$i24A32$oINS3.1a PT$p20128696$r2021-01-12 00:00:00$w2021-01-12$yBOO
=999  \\$d6969

