=LDR  01009    a2200241   4500
=001  6970
=005  20251003085457.0
=008  211008s2005\\\\po\af|||\||||\00|\0\por\d
=020  \\$a9726660777
=041  \\$apor$deng
=245  \\$aCordofones de tecla portugueses do século VXIII: clavicordios, cravos, pianofortes e espinetas
=260  \\$c2005$aLisbon$bCalouste Gulbenkian Foundation
=300  \\$a495 pages
=561  \\$aEx Libris Ton Koopman
=648  \0$a18th Century (1701-1800)$1http://www.wikidata.org/entity/Q7015$920899
=650  \0$aOrganology$1http://www.wikidata.org/entity/Q899293$921400
=650  \0$aCatalogue$1http://www.wikidata.org/entity/Q2352616$921484
=651  \0$aPortugal$1http://www.wikidata.org/entity/Q45$9136
=700  \\$4aut$aDoderer, Gerhard$910549
=700  \\$4aut$aMeer, John Henry van der$912682
=942  \\$cBOO
=952  \\$00$10$2ddc$40$6INS_3A_PT$70$96969$aORPH$bORPH$cLOC_UNK$d2020-07-08$eKoopman$i45C27$oINS3a PT$p20127336$r2021-01-12 00:00:00$w2021-01-12$yBOO
=999  \\$d6970

