=LDR  01454cam a22003014a 4500
=001  6972
=005  20250121142121.0
=008  040927s2003\\\\gw\a\\\\\b\\\\000\0bger\\
=020  \\$a3936655073 (fest gebundene Buchhandelsausg. : acid-free paper)
=020  \\$a3936655065 (broschierte Sonderaufl. für das Rinck-Fest Köln 2003 : acid-free paper)
=040  \\$aOI
=041  0\$ager$aeng$afre
=100  \\$1http://www.wikidata.org/entity/Q559451$4aut$aRinck, Christian Heinrich$d1770-1846$96535
=245  00$aJohann Christian Heinrich Rinck:$bDokumente zu Leben und Werk
=250  \\$a1st ed.
=260  \\$aCologne$bDohr$c2003
=300  \\$a288-31-31 pages$billustrations (some color)$c24 cm
=504  \\$aIncludes bibliographical references.
=546  \\$aChiefly in German; some text in English and French.
=600  \0$aRinck, Christian Heinrich$d1770-1846$1http://www.wikidata.org/entity/Q559451$96535
=648  \0$1http://www.wikidata.org/entity/Q7015$a18th Century (1701-1800)$920899
=648  \0$1http://www.wikidata.org/entity/Q6955$a19th Century (1801-1900)$920935
=650  \0$aComposer$1http://www.wikidata.org/entity/Q36834$93625
=651  \0$aGermany$1http://www.wikidata.org/entity/Q183$9155
=700  \\$aDohr, Christoph$4edt$4win$910552
=942  \\$cBOO
=952  \\$00$10$2ddc$40$6BIO_RINC_D$70$8BIO$96971$aORPH$bORPH$cKTS1_P$d2020-07-08$eKoopman$i44A14$oBIO RINC d$p20126732$r2021-01-12 00:00:00$w2021-01-12$yBOO$OKoopman
=999  \\$d6972

