=LDR  01099aam a2200205   4500
=001  6973
=005  20250925143257.0
=008  240506s1929\\\\||||||||\||||\00|\0\dut\d
=041  \\$adut
=100  \\$aDokkum, J. D. C. van$4aut$910553
=245  \\$aHonderd jaar muziekleven in Nederland:$bEen geschiedenis van de Maatschappij tot Bevordering der Toonkunst bij haar eeuwfeest, 1829-1929
=260  \\$aAmsterdam$bMaatschappij tot Bevordering der Toonkunst$c1929
=610  \0$aMaatschappij tot Bevordering der Toonkunst (Amsterdam, Netherlands)$1http://www.wikidata.org/entity/Q5267136$921676
=648  \0$a19th Century (1801-1900)$1http://www.wikidata.org/entity/Q6955$920935
=648  \0$a20th Century (1901-2000)$1http://www.wikidata.org/entity/Q6927$920936
=650  \0$aMusic history$1http://www.wikidata.org/entity/Q846047$921373
=651  \0$aNetherlands$1http://www.wikidata.org/entity/Q55$9173
=942  \\$cBOO
=952  \\$00$10$2ddc$40$6TOP_NL_6_000000000000000$70$8TOP$96972$aORPH$bORPH$cKTS0$d2020-07-08$eKoopman$i22E39$l0$oTOP NL 6$p20128867$r2021-01-12 00:00:00$w2021-01-12$yBOO$OKoopman
=999  \\$d6973

