=LDR  01180aam a2200253   4500
=001  6974
=005  20250920143303.0
=008  220113s2016\\\\-usag|||\||||\00|\0\eng\d
=041  \\$aeng
=100  \\$aDokter, Julia$4aut$910554
=245  \\$aTactus and Tempo in Organ Music from the German Baroque.$bA Study of Sources and Scores
=246  \1$aTactus en tempo in orgelmuziek van de Duitse Barock.$bEen studie van Bronnen en Partituren
=260  \\$aUtrecht$bUniversiteit Utrecht$c2016
=300  \\$a439 pages
=500  \\$aPh.D. dissertation
=648  \0$a17th Century (1601-1700)$1http://www.wikidata.org/entity/Q7016$920923
=648  \0$a18th Century (1701-1800)$1http://www.wikidata.org/entity/Q7015$920899
=650  \0$aOrgan music$1http://www.wikidata.org/entity/Q2003283$91951
=650  \0$aOrgan$1http://www.wikidata.org/entity/Q1444$92810
=650  \0$aTempo$1http://www.wikidata.org/entity/Q189214$92723
=651  \0$aGermany$1http://www.wikidata.org/entity/Q183$9155
=942  \\$cBOO
=952  \\$00$10$2ddc$40$6INS_3_000000000000000_1D_DE$70$8INS$96973$aORPH$bORPH$cKTS0$d2020-07-08$eKoopman$i46G14-I$oINS 3.1d DE$p20127003$r2021-01-12 00:00:00$w2021-01-12$yBOO
=999  \\$d6974

