=LDR  01196aam a2200241   4500
=001  6976
=008  220203s1938\\\\||||||||\||||\00|\0bger\d
=041  \\$ager
=100  \\$aDöllmann, H.$4aut$910556
=245  \\$aChristoph Nichelmann (1717-1762).$bEin Musiker am Hofe Friedrichs des Großen
=260  \\$aLöningen$bSchmücker$c1938
=600  \0$aNichelmann, Christoph$d1717-1762$1http://www.wikidata.org/entity/Q87989$96524
=600  \0$aFriedrich II.$d1712-1786$1http://www.wikidata.org/entity/Q33550$97289
=648  \0$a18th Century (1701-1800)$1http://www.wikidata.org/entity/Q7015$920899
=650  \0$aComposer$1http://www.wikidata.org/entity/Q36834$93625
=650  \0$aInstrumentalist$1http://www.wikidata.org/entity/Q1278335$921706
=650  \0$aHarpsichord$1http://www.wikidata.org/entity/Q81982$92125
=650  \0$aBiography$1http://www.wikidata.org/entity/Q36279$91927
=650  \0$aCourt$1http://www.wikidata.org/entity/Q1134237$922191
=651  \0$aGermany$1http://www.wikidata.org/entity/Q183$9155
=942  \\$cBOO
=952  \\$00$10$2ddc$40$6BIO_NICH_D$70$8BIO$96975$aORPH$bORPH$cKTS1_P$d2020-07-08$eKoopman$i19B40$oBIO NICH d$p20125080$r2021-01-12 00:00:00$w2021-01-12$yBOO
=999  \\$d6976

