=LDR  01623    a2200241   4500
=001  6978
=008  210226b\\\\\\\\be\|||||\||||\00|\0\eng\d
=041  \\$aeng
=100  \\$aDolmetsch, Arnold$d1858-1940$4aut$1http://www.wikidata.org/entity/Q194638$910557
=245  \\$aThe Interpretation of the Music of the XVIIth and XVIIIth Centuries Revealed by Contemporary Evidence
=260  \\$aLondon$bNovello$c1915
=300  \\$a493 pages
=590  \\$aAppendix, containing 22 illustrative pieces
=648  \0$a17th Century (1601-1700)$1http://www.wikidata.org/entity/Q7016$920923
=648  \0$a18th Century (1701-1800)$1http://www.wikidata.org/entity/Q7015$920899
=650  \0$aHistorically informed performance$1http://www.wikidata.org/entity/Q1344860$920980
=856  \\$uhttps://urresearch.rochester.edu/fileDownloadForInstitutionalItem.action;jsessionid=E68C37D73DA5FBCD5CB055B580D77551?itemId=24332&itemFileId=75231
=942  \\$cBOO
=952  \\$00$10$2ddc$3Appendix$40$6TRE_DOLM$70$8TRE$96976$aORPH$bORPH$cKTS1_H$d2020-07-08$eKoopman$i30F44$oTRE DOLM$p20123289$r2021-01-12 00:00:00$w2021-01-12$yBOO$z1946 reprint
=952  \\$00$10$2ddc$40$6TRE_DOLM$70$8TRE$96977$aORPH$bORPH$cKTS1_H$d2020-07-08$eKoopman$i30F44$oTRE DOLM$p20123288$r2021-01-12 00:00:00$w2021-01-12$yBOO$z1946 reprint
=952  \\$00$10$2ddc$40$6TRE_DOLM$70$8TRE$96978$aORPH$bORPH$cKTS1_H$d2020-07-08$eThwaites$l0$oTRE DOLM$p20129976$r2021-01-12 00:00:00$w2021-01-12$yBOO
=952  \\$00$10$2ddc$40$6TRE_DOLM$70$8TRE$96979$aORPH$bORPH$cKTS1_H$d2020-07-08$eThwaites$l1$oTRE DOLM$p20130066$r2024-11-04 12:53:48$s2024-10-16$w2021-01-12$yBOO$z1969 reprint
=999  \\$d6978

