=LDR  01133cam a2200241 i 4500
=001  6981
=041  \\$aeng
=100  \\$aDolmetsch, Mabel$d1874-1963$4aut$1http://www.wikidata.org/entity/Q59527973$910558
=245  10$aDances of Spain and Italy from 1400 to 1600
=260  \\$aNew York$bDa Capo Press$c1975
=300  \\$axii, 174 pages [8] pages of plates
=504  \\$aBibliography: p. 171.
=561  \\$aEx libris Laura Dobbenga
=648  \0$a15th Century (1401-1500)$1http://www.wikidata.org/entity/Q7018$921015
=648  \0$a16th Century (1501-1600)$1http://www.wikidata.org/entity/Q7017$920944
=650  \0$aDance$1http://www.wikidata.org/entity/Q6034$924845
=650  \0$aHistory of dance$1http://www.wikidata.org/entity/Q27730$939407
=650  \0$aMusic history$1http://www.wikidata.org/entity/Q846047$921373
=651  \0$aItaly$1http://www.wikidata.org/entity/Q38$922
=651  \0$aSpain$1http://www.wikidata.org/entity/Q29$920983
=942  \\$cBOO
=952  \\$00$10$2ddc$40$6TOP_ES_4_000000000000000$70$8TOP$96980$aORPH$bORPH$cKTS0$d2020-07-08$eKoopman$i44A10$oTOP ES 4$p20126736$r2021-01-12 00:00:00$w2021-01-12$yBOO
=999  \\$d6981

