=LDR  01371cam a2200301 i 4500
=001  6982
=003  OSt
=005  20250311101022.0
=008  750114r19751949nyuaf\\\\b\\\\001\0\eng\\
=020  \\$a030670725X
=040  \\$aBF
=041  \\$aeng
=100  \\$aDolmetsch, Mabel$d1874-1963$4aut$1http://www.wikidata.org/entity/Q59527973$910558
=245  10$aDances of England and France from 1450 to 1600:$bwith Their Music and Authentic Manner of Performance
=260  \\$aNew York$bDa Capo$c1975
=300  \\$axii-163 pages, [7] leaves of plates$billustrations$c26 cm
=504  \\$aBibliography: p. 162.
=561  \\$aEx libris Laura Dobbenga
=648  \0$a15th Century (1401-1500)$1http://www.wikidata.org/entity/Q7018$921015
=648  \0$a16th Century (1501-1600)$1http://www.wikidata.org/entity/Q7017$920944
=650  \0$aDance$1http://www.wikidata.org/entity/Q6034$924845
=650  \0$aMusic history$1http://www.wikidata.org/entity/Q846047$921373
=650  \0$aHistorically informed performance$1http://www.wikidata.org/entity/Q1344860$920980
=651  \0$aFrance$1http://www.wikidata.org/entity/Q142$9131
=651  \0$aUnited Kingdom$1http://www.wikidata.org/entity/Q21$9273
=942  \\$cBOO
=952  \\$00$10$2ddc$40$6GEN_17_000000000000000$70$8GEN$96981$aORPH$bORPH$cKM12_1$d2020-07-08$eKoopman$oGEN17$p20126852$r2021-01-12 00:00:00$w2021-01-12$yBOO
=999  \\$d6982

