=LDR  00821cam a22001931  4500
=001  6984
=005  20250120120213.0
=008  700706s1962\\\\nyuacfg\\\\\\\000\0\eng\\
=040  \\$aOI
=041  \\$aeng
=050  00$aML760$b.D64
=100  \\$aDolmetsch, Nathalie$d1905-1989$4aut$1http://www.wikidata.org/entity/Q42529777$910560
=245  04$aThe Viola da Gamba:$bIts Origin and History, Its Technique and Musical Resources
=260  \\$aNew York$bHinrichsen$c1962
=300  \\$a92 p.$b27 plates (inc. illus., facsims., music, ports.)$c25 cm.
=650  \0$aViola da gamba$1http://www.wikidata.org/entity/Q96066477$93955
=942  \\$cBOO
=952  \\$00$10$2ddc$40$6INS_4_000000000000000_5A_DOLM$70$8INS$96983$aORPH$bORPH$cKTS0$d2020-07-08$eKoopman$i21E10$oINS4.5a DOLM$p20125418$r2021-01-12 00:00:00$w2021-01-12$yBOO
=999  \\$c6984$d6984

