=LDR  00368    a2200109   4500
=001  6986
=100  \\$aDommisse, F.$910562
=245  \\$aThe Doll's House, Centraal Museum
=260  \\$c1960
=942  \\$cBOO
=952  \\$00$10$2ddc$40$6VIS_DOMM$70$8VIS$96985$aORPH$bORPH$cKTS1_H$d2020-07-08$eKoopman$i34E03$l0$oVIS DOMM$p20120824$r2021-01-12 00:00:00$w2021-01-12$yBOO$OKoopman
=999  \\$c6986$d6986

