=LDR  00731aam a2200181   4500
=001  6987
=008  250228s1963\\\\||||||||\||||\00|\0\ita\d
=041  \\$aita
=245  \\$aLa musica nelle biblioteche milanesi:$bMostra di libri e documenti
=260  \\$aMilan$bBiblioteca Nazionale Braidense$c1963
=650  \0$aLibrary$1http://www.wikidata.org/entity/Q7075$94229
=650  \0$aMusic$1http://www.wikidata.org/entity/Q638$92062
=651  \0$aMilan (Italy)$1http://www.wikidata.org/entity/Q490$9271
=700  \\$aDona, M.$4edt$910563
=700  \\$aBaretta, G.$4edt$939801
=942  \\$cBOO
=952  \\$00$10$2ddc$40$70$8BIB$96986$aORPH$bORPH$cKTS0$d2020-07-08$eKoopman$i47D44$l0$p20123671$r2021-01-12 00:00:00$w2021-01-12$yBOO$OKoopman
=999  \\$d6987

