=LDR  00850aam a2200193   4500
=001  6988
=008  250624s1979\\\\|||a||||\||||\00|\0beng\d
=020  \\$a0714819476
=041  \\$aeng
=100  \\$aDonahue Kuretsky, S$910564$4aut
=245  \\$aThe Paintings of Jacob Ochterveld
=260  \\$aOxford$bPhaidon$c1979
=600  \0$aOchtervelt, Jacob$d1634-1682$1http://www.wikidata.org/entity/Q724646$940453
=648  \0$a17th Century (1601-1700)$1http://www.wikidata.org/entity/Q7016$920923
=650  \0$aFine art$1http://www.wikidata.org/entity/Q219625$921579
=651  \0$aNetherlands$1http://www.wikidata.org/entity/Q55$1http://www.wikidata.org/entity/Q29999$9173
=942  \\$cBOO
=952  \\$00$10$2ddc$40$6BIO_OCHT_D$70$8BIO$96987$aORPH$bORPH$cKTS1_P$d2020-07-08$eKoopman$i19G33$oBIO OCHT d$p20125185$r2021-01-12 00:00:00$w2021-01-12$yBOO$OKoopman
=999  \\$d6988

