=LDR  00744    a2200181   4500
=001  6989
=008  220616s1980\\\\it\\||||\||||\00|\0\\\\\d
=041  \\$aita
=100  \\$aVarious$4aut$94793
=245  \\$aArte nell'Aretino. Seconda mostra di restauri dal 1975 al 1979
=260  \\$c1980$aFlorence$bEdam
=300  \\$a292 pages+plates
=650  \0$aOrgan$1http://www.wikidata.org/entity/Q1444$92810
=650  \0$aOrganology$1http://www.wikidata.org/entity/Q899293$921400
=651  \0$aArezzo (Italy)$1http://www.wikidata.org/entity/Q13378$924394
=942  \\$cBOO
=952  \\$00$10$2ddc$40$6INS_3_000000000000000_1A_IT_ARE$70$8INS$96988$aORPH$bORPH$cKTS0$d2020-07-08$eKoopman$i25A36$oINS3.1a IT.ARE$p20129174$r2021-01-12 00:00:00$w2021-01-12$yBOO
=999  \\$d6989

