=LDR  01145cam a2200253 a 4500
=001  6990
=008  990624s1998\\\\ne\a\\\\\b\\\\001\0\dut\d
=041  \\$adut
=043  \\$ae-ne---
=245  00$aMonumentale orgels van Luthers Amsterdam
=260  \\$aZoetermeer$bBoekencentrum$c1998
=300  \\$a296 pages$bill. $c25 cm
=504  \\$aIncludes bibliographical references and index.
=550  \\$aIssued with the cooperation of the Evangelisch-Lutherse Gemeente te Amsterdam.
=610  \0$aEvangelisch-Lutherse Kerk (Amsterdam, Netherlands)$925179
=650  \0$aOrgan$1http://www.wikidata.org/entity/Q1444$92810
=650  \0$aOrganology$1http://www.wikidata.org/entity/Q899293$921400
=651  \0$aNetherlands$1http://www.wikidata.org/entity/Q55$9173
=700  \\$aDonga, Harry,$d-1945$4edt$910566
=700  \\$aDijk, Pieter van$d1958-$4ctb$910494
=710  \\$aEvangelisch-Lutherse Gemeente te Amsterdam (Netherlands)$91286
=942  \\$cBOO
=952  \\$00$10$2ddc$40$6INS_3_000000000000000_1A_NL_AMS$70$8INS$96989$aORPH$bORPH$cKTS0$d2020-07-08$eKoopman$i28B16$l0$oINS3.1a NL.AMS$p20123623$r2021-01-12 00:00:00$w2021-01-12$yBOO$OKoopman
=999  \\$d6990

