=LDR  01425nam a2200289 a 4500
=001  6991
=005  20251002104658.0
=008  830328s1982\\\\ne\\\\\\\b\\\\001\0\dut\\
=020  \\$a9061941938 :$cfl 32.50
=040  \\$aOI
=041  \\$adut
=100  \\$aHuydecoper, Balthazar$d1695-1778$1http://www.wikidata.org/entity/Q2480672$910567$4aut
=245  10$aNil Volentibus Arduum:$bdocumenten en bronnen
=260  \\$aUtrecht$bH&S$c1982
=300  \\$ax-458 pages$c23 cm
=504  \\$aBibliography: p. 425-437.
=590  \\$aEen uitgave van Balthazar Huydecopers aantekeningen uit de orginele notulen van het genootschap. Voorzien van een inleiding, commentaar en een lijst van n.v.a. drukken door B.P.M. Dongelmans.
=610  \0$aNil Volentibus Arduum$1http://www.wikidata.org/entity/Q2351891$96763
=648  \0$a18th Century (1701-1800)$1http://www.wikidata.org/entity/Q7015$920899
=650  \0$aTheater$1http://www.wikidata.org/entity/Q24354$92225
=650  \0$aInstitution$1http://www.wikidata.org/entity/Q178706$94241
=650  \0$aLearned society$1http://www.wikidata.org/entity/Q955824$922065
=651  \0$aNetherlands$1http://www.wikidata.org/entity/Q55$9173
=700  \\$aDongelmans, B. P. M.$910568$4edt
=942  \\$cBOO
=952  \\$00$10$2ddc$40$6TOP_NL_AMS_5_000000000000000$70$8TOP$96990$aORPH$bORPH$cKTS0$d2020-07-08$eKoopman$l0$oTOP NL.AMS 5$p20125677$r2021-01-12 00:00:00$w2021-01-12$yBOO$OKoopman
=999  \\$d6991

