=LDR  00835aam a2200181   4500
=001  6992
=008  210419s1973\\\\\\\|||||\||||\00|\0\eng\d
=041  \\$aeng
=100  \\$aDonington, Robert$d1907-1990$4aut$1http://www.wikidata.org/entity/Q1527132$910569
=245  \\$aA Performer's Guide to Baroque Music
=260  \\$aLondon$bFaber$c1973
=300  \\$a320 pages
=648  \0$a17th Century (1601-1700)$1http://www.wikidata.org/entity/Q7016$920923
=648  \0$a18th Century (1701-1800)$1http://www.wikidata.org/entity/Q7015$920899
=650  \0$aHistorically informed performance$1http://www.wikidata.org/entity/Q1344860$920980
=942  \\$cBOO
=952  \\$00$10$2ddc$40$6MTP_2_000000000000000_DONI1$70$8MTP$96991$aORPH$bORPH$cKM12_1$d2020-07-08$eKoopman$i30F17$l1$oMTP2 DONI1$p20123313$r2022-05-24 00:00:00$s2022-05-23$w2021-01-12$yBOO
=999  \\$d6992

