=LDR  01155aam a2200241   4500
=001  6993
=008  220523s1965\\\\|||g||||\||||\00|\0\eng\d
=041  \\$aeng
=100  \\$aDonington, Robert$d1907-1990$4aut$1http://www.wikidata.org/entity/Q1527132$910569
=245  \\$aThe Interpretation of Early Music
=250  \\$a2nd ed.
=260  \\$aLondon$bFaber and Faber$c1965
=300  \\$a608 pages
=534  \\$aOriginally published in 1963
=648  \0$aMiddle Ages (500-1400)$1http://www.wikidata.org/entity/Q12554$920964
=648  \0$aRenaissance (1400-1600)$1http://www.wikidata.org/entity/Q4692$920965
=648  \0$a17th Century (1601-1700)$1http://www.wikidata.org/entity/Q7016$920923
=648  \0$a18th Century (1701-1800)$1http://www.wikidata.org/entity/Q7015$920899
=650  \0$aEarly music$1http://www.wikidata.org/entity/Q436016$93160
=650  \0$aHistorically informed performance$1http://www.wikidata.org/entity/Q1344860$920980
=942  \\$cBOO
=952  \\$00$10$2ddc$40$6MTP_2_000000000000000_DONI1$70$8MTP$96992$aORPH$bORPH$cKM12_1$d2020-07-08$eKoopman$i30F31$l2$oMTP2 DONI1$p20123301$r2024-11-13 10:29:56$s2024-10-16$w2021-01-12$yBOO
=999  \\$d6993

