=LDR  01215aam a2200253   4500
=001  6994
=005  20250926134854.0
=008  220523s1960\\\\||||||||\||||\00|\0\eng\d
=041  \\$aeng
=100  \\$aDonington, Robert$d1907-1990$4aut$1http://www.wikidata.org/entity/Q1527132$910569
=245  \\$aTempo and Rhythm in Bach's Organ
=260  \\$aLondon$bHinrichsen$c1960
=500  \\$aExcerpt from 'School of Bach-Playing for the Organist, vol. 3'
=600  \0$aBach, Johann Sebastian$d1685-1750$1http://www.wikidata.org/entity/Q1339$94766
=648  \0$a18th Century (1701-1800)$1http://www.wikidata.org/entity/Q7015$920899
=650  \0$aOrgan music$1http://www.wikidata.org/entity/Q2003283$91951
=650  \0$aTempo$1http://www.wikidata.org/entity/Q189214$92723
=650  \0$aRhythm$1http://www.wikidata.org/entity/Q170406$92724
=650  \0$aHistorically informed performance$1http://www.wikidata.org/entity/Q1344860$920980
=651  \0$aGermany$1http://www.wikidata.org/entity/Q183$9155
=700  \\$4edt$aPhillips, G.$924240
=942  \\$cBOO
=952  \\$00$10$2ddc$40$6BIO_BACH1_E$70$8BIO$96993$aORPH$bORPH$cKTS1_P$d2020-07-08$eKoopman$i47D21$oBIO BACH1 e$p20123693$r2021-01-12 00:00:00$w2021-01-12$yBOO
=999  \\$d6994

