=LDR  01223aam a2200229   4500
=001  6995
=008  250902s1941\\\\||||||||\||||\00|\p\eng\d
=041  \\$aeng
=245  \\$aThe Complete Poetry and Selected Prose of John Donne & the Complete Poetry of William Blake
=260  \\$aNew York, NY$bRandom House$c1941
=648  \0$a16th Century (1501-1600)$1http://www.wikidata.org/entity/Q7017$920944
=648  \0$a17th Century (1601-1700)$1http://www.wikidata.org/entity/Q7016$920923
=648  \0$a18th Century (1701-1800)$1http://www.wikidata.org/entity/Q7015$920899
=650  \0$aPoetry$1http://www.wikidata.org/entity/Q482$93026
=650  \0$aHermeticism$1http://www.wikidata.org/entity/Q192933$94602
=651  \0$aUnited Kingdom$1http://www.wikidata.org/entity/Q21$1http://www.wikidata.org/entity/Q145$9273
=700  \\$aDonne, John$d1572-1631$1http://www.wikidata.org/entity/Q140412$4aut$910571
=700  \\$aBlake, William$d1757-1827$1http://www.wikidata.org/entity/Q41513$4aut$924920
=700  \\$aHillyer, Robert Silliman$4win$939353
=942  \\$cBOO
=952  \\$00$10$2ddc$40$6LIT_DONN_A$70$8LIT$96994$aORPH$bORPH$cKM12_2_H$d2020-07-08$eKoopman$i25B09$oLIT DONN a$p20129192$r2021-01-12 00:00:00$w2021-01-12$yBOO
=999  \\$d6995

