=LDR  01146cam a2200277   4500
=001  6996
=005  20250902155418.0
=008  711110r19731971enk\\\\\\b\\\\001\p\eng\\
=020  \\$a0140802363
=040  \\$aOI
=041  \\$aeng
=100  \\$aDonne, John$d1572-1631$1http://www.wikidata.org/entity/Q140412$4aut$910571
=245  14$aThe Complete English Poems
=260  \\$aHarmondsworth$bPenguin$c1973
=300  \\$a677 pages$c19 cm
=490  0\$aPenguin education, X236
=490  0\$aPenguin English poets
=504  \\$aBibliography: p. [27]-31.
=648  \0$a16th Century (1501-1600)$1http://www.wikidata.org/entity/Q7017$920944
=648  \0$a17th Century (1601-1700)$1http://www.wikidata.org/entity/Q7016$920923
=650  \0$aPoetry$1http://www.wikidata.org/entity/Q482$93026
=651  \0$aUnited Kingdom$1http://www.wikidata.org/entity/Q21$1http://www.wikidata.org/entity/Q145$9273
=700  \\$aSmith, Albert James$d1924-$910572$4edt
=942  \\$cBOO
=952  \\$00$10$2ddc$40$6LIT_DONN_A$70$8LIT$96995$aORPH$bORPH$cKM12_2_H$d2020-07-08$eKoopman$i40A07$l1$oLIT DONN a$p20130261$r2025-09-10 15:47:33$s2025-08-29$w2021-01-12$yBOO
=999  \\$d6996

