=LDR  00898aam a2200193   4500
=001  6997
=008  241220r19641950||||||||\||||\00|\p\eng\d
=041  \\$aeng
=100  \\$aDonne, John$d1572-1631$1http://www.wikidata.org/entity/Q140412$4aut$910571
=245  \\$aJohn Donne:$bA Selection of his Poetry
=260  \\$aMiddlesex$bPenguin$c1950
=648  \0$a16th Century (1501-1600)$1http://www.wikidata.org/entity/Q7017$920944
=648  \0$a17th Century (1601-1700)$1http://www.wikidata.org/entity/Q7016$920923
=650  \0$aPoetry$1http://www.wikidata.org/entity/Q482$93026
=651  \0$aUnited Kingdom$1http://www.wikidata.org/entity/Q21$1http://www.wikidata.org/entity/Q145$9273
=700  \\$aHayward, John$4edt$939243
=942  \\$cBOO
=952  \\$00$10$2ddc$40$6LIT_DONN_A$70$8LIT$96996$aORPH$bORPH$cKM12_2_H$d2020-07-08$eKoopman$i40A08$oLIT DONN a$p20120354$r2021-01-12 00:00:00$w2021-01-12$yBOO
=999  \\$d6997

