=LDR  00679    a2200169   4500
=001  7001
=008  210819t1972\\\\\\\|||||\||||\01|\0\ger\d
=041  \\$ager
=100  \\$aSchmieder, Wolfgang$d1901-1990$4dte$1http://www.wikidata.org/entity/Q60531$922066
=245  \\$aQuellenstudien zur Musik:$bWolfgang Schmieder zum 70. Geburtstag
=260  \\$aFrankfurt$bPeters$c1972
=300  \\$a207 pages
=590  \\$aIn Verbindung mit Georg von Dadelsen
=700  \\$4edt$aDorfmüller, Kurt$920413
=942  \\$cBOO
=952  \\$00$10$2ddc$40$6REF_4_000000000000000_SCHM$70$8REF$97000$aORPH$bORPH$cKM12_1$d2020-07-08$eKoopman$i30E20$oREF4 SCHM$p20123348$r2021-01-12 00:00:00$w2021-01-12$yBOO
=999  \\$d7001

