=LDR  00935    a2200205   4500
=001  7003
=008  221219b\\\\\\\\||||||||\||||\00|\0\###\d
=020  \\$a9063680147
=041  \\$adut
=100  \\$aDorgelo Hzn., Willem J.$4aut$910580
=245  \\$aOrgels, Organisten en Kosters van de Grote-of Martinikerk te Bolsward
=260  \\$aZaandam$aLeeuwarden$bInterboek$bDorgelo$c1996
=300  \\$a100 pages
=610  \0$aMartinikerk (Bolsward, Netherlands)$1http://www.wikidata.org/entity/Q2179346$925479
=650  \0$aOrgan$1http://www.wikidata.org/entity/Q1444$92810
=650  \0$aOrganology$1http://www.wikidata.org/entity/Q899293$921400
=651  \0$aBolsward (Netherlands)$1http://www.wikidata.org/entity/Q3291153$925480
=942  \\$cBOO
=952  \\$00$10$2ddc$40$6INS_3_000000000000000_1A_NL_BOL$70$8INS$97002$aORPH$bORPH$cKTS0$d2020-07-08$eKoopman$i33D23$l0$oINS3.1a NL.BOL$p20122726$r2021-01-12 00:00:00$w2021-01-12$yBOO$OKoopman
=999  \\$d7003

