=LDR  00932aam a2200205   4500
=001  7004
=008  221209s1985\\\\||||||||\||||\00|\0bdut\d
=020  \\$a9062721427
=041  \\$adut
=100  \\$aDorgelo Hzn., Willem J.$4aut$910580
=245  \\$aAlb. Anthoni Hinsz orgelmaker 1704-1785
=260  \\$aGroningen$bJansma/Augustinusga$c1985
=600  \0$aHinsz, Albertus Anthoni$d1705-1781$1http://www.wikidata.org/entity/Q109249831$925310
=648  \0$a18th Century (1701-1800)$1http://www.wikidata.org/entity/Q7015$920899
=650  \0$aOrgan$1http://www.wikidata.org/entity/Q1444$92810
=650  \0$aBiography$1http://www.wikidata.org/entity/Q36279$91927
=651  \0$aNetherlands$1http://www.wikidata.org/entity/Q55$9173
=942  \\$cBOO
=952  \\$00$10$2ddc$40$6INS_3_000000000000000_1B_HINS$70$8INS$97003$aORPH$bORPH$cKTS0$d2020-07-08$eKoopman$i32B13$l0$oINS3.1b HINS$p20122952$r2021-01-12 00:00:00$w2021-01-12$yBOO$OKoopman
=999  \\$d7004

