=LDR  01209cam a2200265 a 4500
=001  7005
=005  20250120120008.0
=008  001208s2000\\\\gw\a\\\\\b\\\\000\0dgeroc
=010  \\$a  2001543484
=020  \\$a3777610291 (hd.bd.) :$cDEM98.00
=040  \\$aOHX$cOHX$dCLU$dDLC
=042  \\$alccopycat
=043  \\$ae-gx---
=100  \\$aDöring, Detlef$910581
=245  10$aJohann Christoph Gottsched in Leipzig :$bAusstellung in der Universitätsbibliothek Leipzig zum 300. Geburtstag von J. Chr. Gottsched /$cDetlef Döring.
=260  \\$aStuttgart :$bHirzel,$c2000.
=300  \\$a197 p. :$bill. ;$c25 cm.
=504  \\$aIncludes bibliographical references.
=600  \0$aGottsched, Johann Christoph$d1700-1766$1http://www.wikidata.org/entity/Q76442$910582
=651  \0$aLeipzig (Germany)$1http://www.wikidata.org/entity/Q2079$945
=651  \0$aLeipzig (Germany)$1http://www.wikidata.org/entity/Q2079$945
=710  \\$aKarl-Marx-Universität (Leipzig, Germany)$1http://www.wikidata.org/entity/Q872896$921107
=942  \\$cBOO
=952  \\$00$10$2ddc$40$6BIO_GOTT_E$70$8BIO$97004$aORPH$bORPH$cKTS1_P$d2020-07-08$eKoopman$i24F2$oBIO GOTT e$p20125893$r2021-01-12 00:00:00$w2021-01-12$yBOO$OKoopman
=999  \\$c7005$d7005

