=LDR  01002nam a2200217 a 4500
=001  7006
=005  20250120120008.0
=008  851008s1985\\\\gw\afg\\\c\\\\001\0\ger\\
=020  \\$a387397505X
=040  \\$aOI
=100  \\$aDormann, Peter$910583
=245  10$aFranz Joseph Aumann (1728-1797) :$bein Meister in St. Florian vor Anton Bruckner, mit thematischem Katalog der Werke /$cPeter Dormann.
=260  \\$aMünchen :$bMusikverlag E. Katzbichler,$c1985.
=300  \\$a481 p., 9 leaves of plates :$bill., music ;$c24 cm.
=504  \\$aBibliography: p. 78-88.
=600  \0$aAumann, Franz Joseph$d1728-1797$1http://www.wikidata.org/entity/Q1446144$910584
=600  \0$aAumann, Franz Joseph$d1728-1797$1http://www.wikidata.org/entity/Q1446144$910584
=942  \\$cBOO
=952  \\$00$10$2ddc$40$6BIO_AUMA_C$70$8BIO$97005$aORPH$bORPH$cKTS1_P$d2020-07-08$eKoopman$i41C15$oBIO AUMA c$p20122171$r2021-01-12 00:00:00$w2021-01-12$yBOO
=999  \\$c7006$d7006
=490  \\$aStudien zur Landes- und Sozialgeschichte der Musik ;

