=LDR  00749aam a2200181   4500
=001  7008
=008  230629s1976\\\\||||||||\||||\00|\0\ger\d
=041  \\$ager
=100  1\$aDotzauer, Wilfried$1http://www.wikidata.org/entity/Q95347104$4aut$910587
=245  \\$aDie kirchenmusikalischen Werke Johann Valentin Rathgebers
=260  \\$c1976$aNürnberg
=300  \\$a268 pages
=500  \\$aDissertation
=600  \0$1http://www.wikidata.org/entity/Q883137$aRathgeber, Valentin$d1682-1750$914293
=650  \0$1http://www.wikidata.org/entity/Q8812109$aChurch music$92283
=942  \\$cBOO
=952  \\$00$10$2ddc$40$6BIO_RATH_E$70$8BIO$97007$aORPH$bORPH$cKTS1_P$d2020-07-08$eKoopman$i38C08$oBIO RATH e$p20120441$r2021-01-12 00:00:00$w2021-01-12$yBOO$OKoopman
=999  \\$d7008

