=LDR  00965aam a2200205   4500
=001  7012
=008  250618i19311932||||||||\||||\00|\0deng\d
=041  \\$aeng
=100  \\$aDowling, M.$910591$4aut
=245  \\$aThe Printing of John Dowland's Second Book of Ayres
=260  \\$aLondon$bOxford University Press$c1931
=490  \\$aLibrary, 4th series$vXII
=600  \0$aDowland, John$d1563?-1626$1http://www.wikidata.org/entity/Q207355$921458
=648  \0$a17th Century (1601-1700)$1http://www.wikidata.org/entity/Q7016$920923
=650  \0$aMusic printing$1http://www.wikidata.org/entity/Q64416036$94007
=650  \0$aAir$1http://www.wikidata.org/entity/Q406714$924073
=651  \0$aUnited Kingdom$1http://www.wikidata.org/entity/Q21$1http://www.wikidata.org/entity/Q145$9273
=942  \\$cBOO
=952  \\$00$10$2ddc$40$6BIO_DOWL_A$70$8BIO$97011$aORPH$bORPH$cKTS1_P$d2020-07-08$eKoopman$i21C30$l0$oBIO DOWL a$p20128209$r2021-01-12 00:00:00$w2021-01-12$yBOO$OKoopman
=999  \\$d7012

