=LDR  02785cam a2200217 a 4500
=001  7013
=008  970725s1997\\\\-us\\\\\\\\\\\101\0\eng\\
=020  \\$a0945193971
=041  \\$aeng
=100  \\$aCarter, Stewart$d1944-$4edt$910128
=111  \\$aInternational Historic Brass Symposium$d(1995 :$cAmherst, Mass.))$94687
=245  10$aPerspectives in Brass Scholarship. $bProceedings of the International Historic Brass Symposium. Amherst, 1995
=260  \\$aStuyvesant$bPendragon Press$c1997
=300  \\$ax-315 pages$c24 cm.
=490  \\$aBucina: The Historic Brass Society Series$vNo. 2
=500  \\$aThe 1995 Amherst, MA, HBS Symposium was the largest and most significant gathering of brass scholars and musicians ever assembled. This volume contains essays on the latest research undertaken by these scholars. It includes studies by Reine Dahlquist, Robert Dawson, Peter Downey, Ross Duffin, Trevor Herbert, Herbert Heyde, Art Brownlow, Stewart Carter, Alexander McGrattan, Arnold Myers, Thomas Hiebert, Clifford Bevan, Robert Barclay, Vladimir Kochalev, and Herb Myers. Also included is an extensive summary of the NEH round-table discussion panels.
=505  \\$gPeter Downey, From the rim to the hub: Fortuna's wheel and instrumental music at the German-speaking Renaissance courts / Keith Polk, The invention of the slide principle and the earliest trombone, or the birth of a notion / Herbert W. Myers, Praetorius' pitch: some revelations of the Theatrum Instrumentorum / Ross W. Duffin, Cornetts & Sagbuts: some thoughts on the early seventeenth-century English repertory for brass / Robert Barclay, Some bubbles prick'd: a discussion of early brass mythology / Alexander McGrattan, The solo trumpet in Scotland 1695-1800 / Herbert Heyde, The brass-instrument makers Schmied of Pfaffendorf / Thomas Hiebert, A case for Horn in D basso in the early eighteenth century and its effect on Horn-and-trumpet combinations / Nola Reed Knouse, American Moravian brass players: what did they play? / Jeffrey L. Snedeker, The horn in early America / Stewart Carter, Georges Kastner on brass instruments: the influence of technology on the theory of orchestration / Trevor Herbert, The reconstruction of nineteenth-century band repertory: towards a protocol / Vladimir Koshelev, Trumpets, cornets, trombones and horns in the St. Petersburg Museum of Musical Instruments: a checklist / Arnold Myers, The horn function and brass instrument character / Craig Kridel, Gabriel in black paradise: the trumpet at Shady Cove camp ground.
=650  \0$aBrass instrument$1http://www.wikidata.org/entity/Q180744$92439
=942  \\$cBOO
=952  \\$00$10$2ddc$40$6INS_7D_CART$70$8INS$97012$aORPH$bORPH$cKTS0$d2020-07-08$eKoopman$i28B11$oINS7d CART$p20123617$r2021-01-12 00:00:00$w2021-01-12$yBOO
=999  \\$d7013

