=LDR  00852    a2200229   4500
=001  7018
=005  20251103124736.0
=008  220131s1983\\\\nl\\||||\||||\00|\0\dut\d
=020  \\$a9070425041
=041  \\$adut
=100  \\$aDragt, Jaap$d1930-2003$4aut$910597
=245  \\$aOrgelmethoden in heden en verleden
=250  \\$aTweede herziene en vermeerderde druk
=260  \\$c1983$aSneek$bBoeijenga
=300  \\$a120 pages
=336  \\$aprinted
=650  \0$aOrgan$1http://www.wikidata.org/entity/Q1444$92810
=650  \0$aMethod$1http://www.wikidata.org/entity/Q2250960$921402
=650  \0$aMusical interpretation$1http://www.wikidata.org/entity/Q1668139$94533
=942  \\$cBOO
=952  \\$00$10$2ddc$40$6INS_3_000000000000000_1D$70$8INS$97017$aORPH$bORPH$cKTS0$d2020-07-08$eKoopman$i47E29$oINS3.1d$p20123638$r2021-01-12 00:00:00$w2021-01-12$yBOO
=999  \\$d7018

