=LDR  01321nam a2200289 a 4500
=001  7019
=005  20250218163405.0
=008  951129s1995\\\\sw\a\\\\\b\\\f001\0\ger\d
=010  \\$a   96117921 
=020  \\$a9170001553
=040  \\$aICU$cICU$dDLC
=041  \\$ager
=100  \\$aDrees, Jan$4aut$910598
=245  10$aDeutschsprachige Gelegenheitsdichtung in Stockholm und Uppsala zwischen 1613 und 1719:$bBibliographie der Drucke nebst einem Inventar der in ihnen verwendeten dekorativen Druckstöcke
=260  \\$aStockholm$bKungliga Biblioteket$c1995
=300  \\$a475 p. :$bill. ;$c24 cm.
=490  \\$aActa Bibliothecae Regiae Stockholmiensis$vLVI
=504  \\$aIncludes bibliographical references.
=648  \0$a17th Century (1601-1700)$1http://www.wikidata.org/entity/Q7016$920923
=648  \0$a18th Century (1701-1800)$1http://www.wikidata.org/entity/Q7015$920899
=650  \0$aPoetry$1http://www.wikidata.org/entity/Q482$93026
=650  \0$aBibliography$1http://www.wikidata.org/entity/Q134995$93965
=650  \0$aApplied arts$1http://www.wikidata.org/entity/Q2865882$921627
=651  \0$aSweden$1http://www.wikidata.org/entity/Q34$9275
=942  \\$cBOO
=952  \\$00$10$2ddc$40$70$8BIB$97018$aORPH$bORPH$cKTS0$d2020-07-08$eKoopman$i37C16$l0$p20120575$r2021-01-12 00:00:00$w2021-01-12$yBOO
=999  \\$c7019$d7019

