=LDR  01413cam a22002774a 4500
=001  7021
=005  20250121142121.0
=008  070803s2006\\\\gw\abe\\\n\\\\000\0\ger\\
=020  \\$a9783937843094
=040  \\$aOI
=041  \\$ager
=100  \\$aDreiling, Semjon Aron$d-1978$910600$4aut
=245  10$aPompöser Leichenzug zur schlichten Grabstätte:$bdie vergessenen Toten im Gruftgewölbe der Hamburger St.-Michaelis-Kirche 1762-1813
=260  \\$aHamburg$bMedien-Verlag Schubert$c2006
=300  \\$a110 pages$b63 illustrations, maps, plans$c29 cm
=504  \\$aIncludes bibliographical references (105-110).
=610  \0$aHauptkirche Sankt Michaelis (Hamburg, Germany)$1http://www.wikidata.org/entity/Q674472$91290
=648  \0$a18th Century (1701-1800)$1http://www.wikidata.org/entity/Q7015$920899
=648  \0$a19th Century (1801-1900)$1http://www.wikidata.org/entity/Q6955$920935
=650  \0$aMausoleum$1http://www.wikidata.org/entity/Q162875$92578
=650  \0$aSepulchral monument$1http://www.wikidata.org/entity/Q56055312$92579
=650  \0$aSepulchral chapel$1http://www.wikidata.org/entity/Q1424583$92580
=651  \0$aHamburg (Germany)$1http://www.wikidata.org/entity/Q1055$921940
=942  \\$cBOO
=952  \\$00$10$2ddc$40$6TOP_DE_HAM_5_000000000000000$70$8TOP$97020$aORPH$bORPH$cKTS0$d2020-07-08$eKoopman$i31G01$l0$oTOP DE.HAM 5$p20121036$r2021-01-12 00:00:00$w2021-01-12$yBOO$OKoopman
=999  \\$d7021

