=LDR  00619aam a2200169   4500
=001  7022
=008  210831s1931\\\\\\\|||||\||||\00|\0\dut\d
=041  \\$adut
=100  \\$aDresden, Sem$d1881-1957$4aut$1http://www.wikidata.org/entity/Q921023$96365
=245  \\$aAlgemeene muziekleer
=250  \\$a1st ed.
=260  \\$aGroningen$bWolters$c1931
=300  \\$a443 pages
=650  \0$aMusic theory$1http://www.wikidata.org/entity/Q193544$92662
=942  \\$cBOO
=952  \\$00$10$2ddc$40$6REF_1_000000000000000$70$8REF$97021$aORPH$bORPH$cKM12_1$d2020-07-08$eKoopman$i23D25$oREF1$p20128642$r2021-01-12 00:00:00$w2021-01-12$yBOO
=999  \\$d7022

