=LDR  01179cam a2200265 a 4500
=001  7023
=005  20250926134854.0
=008  861120s1987\\\\mauagh\\\b\\\\001\0deng\\
=020  \\$a0674060202
=040  \\$aOI
=041  \\$aeng
=100  \\$aDreyfus, Laurence$d1952-$4aut$910602
=245  10$aBach's Continuo Group:$bPlayers and Practices in His Vocal Works
=260  \\$aCambridge, MA$bHarvard University Press$c1987
=300  \\$axii-264 pages$billustrations, music, facsimiles$c26 cm
=490  1\$aStudies in the History of Music$v3
=504  \\$aBibliography: p. 221-258.
=600  \0$aBach, Johann Sebastian$d1685-1750$1http://www.wikidata.org/entity/Q1339$94766
=648  \0$a18th Century (1701-1800)$1http://www.wikidata.org/entity/Q7015$920899
=650  \0$aBasso continuo$1http://www.wikidata.org/entity/Q724321$921065
=650  \0$aHistorically informed performance$1http://www.wikidata.org/entity/Q1344860$920980
=651  \0$aGermany$1http://www.wikidata.org/entity/Q183$9155
=942  \\$cBOO
=952  \\$00$10$2ddc$40$6BIO_BACH1_E$70$8BIO$97022$aORPH$bORPH$cKTS1_P$d2020-07-08$eKoopman$i32A16$oBIO BACH1 e$p20120989$r2021-01-12 00:00:00$w2021-01-12$yBOO
=999  \\$d7023

