=LDR  00378    a2200121   4500
=001  7027
=020  \\$a9789460480010
=100  \\$aDroman, A.$910608
=245  \\$aZelfverzonnen woorden
=260  \\$c2009
=942  \\$cBOO
=952  \\$00$10$2ddc$40$6LIT_DROM_A$70$8LIT$97026$aORPH$bORPH$cKM12_2_H$d2020-07-08$eKoopman$i38E39$oLIT DROM a$p20120361$r2021-01-12 00:00:00$w2021-01-12$yBOO
=999  \\$c7027$d7027

