=LDR  01110    a2200265   4500
=001  7029
=005  20250925143257.0
=008  210929s1987\\\\gw\f||||\||||\00|\0\ger\d
=020  \\$a3922378064
=041  \\$ager
=245  \\$aHandwerk im Dienste der Musik:$b300 Jahre Berliner Musikinstrumentenbau
=260  \\$aBerlin$bHeenemann$c1987
=300  \\$a147 pages
=561  \\$aEx Libris Ton Koopman
=648  \0$a18th Century (1701-1800)$1http://www.wikidata.org/entity/Q7015$920899
=648  \0$a19th Century (1801-1900)$1http://www.wikidata.org/entity/Q6955$920935
=648  \0$a20th Century (1901-2000)$1http://www.wikidata.org/entity/Q6927$920936
=650  \0$aOrganology$1http://www.wikidata.org/entity/Q899293$921400
=651  \0$aBerlin (Germany)$1http://www.wikidata.org/entity/Q64$948
=700  \\$4aut$aDroysen-Reber, Dagmar$910610
=700  \\$4aut$aElste, Martin$910734
=700  \\$4aut$aHaase, Gesine$911333
=942  \\$cBOO
=952  \\$00$10$2ddc$40$6INS_1A_DE_BER$70$8INS$97028$aORPH$bORPH$cKTS0$d2020-07-08$eKoopman$i44E12$oINS1a DE.BER$p20126585$r2021-01-12 00:00:00$w2021-01-12$yBOO
=999  \\$d7029

