=LDR  01117cam a2200241 i 4500
=001  7030
=008  790326s1980\\\\\\\afg\\\b\\\\001\0\eng\\
=041  \\$aeng
=100  \\$aDrummond, Pippa$4aut$910611
=245  14$aThe German Concerto:$bFive Eighteenth-Century Studies
=260  \\$aOxford$bClarendon$aNew York$bOxford University Press$c1980
=300  \\$aviii, 402 pages
=490  0\$aOxford Monographs on Music
=500  \\$aAnalyses of concerti by JS Bach, GF Händel, GPh Telemann, JA Hasse and CPE Bach
=504  \\$aBibliography: p. [370]-385.
=648  \0$a18th Century (1701-1800)$1http://www.wikidata.org/entity/Q7015$920899
=650  \0$aMusic history$1http://www.wikidata.org/entity/Q846047$921373
=650  \0$aConcerto$1http://www.wikidata.org/entity/Q9748$921817
=650  \0$aMusical analysis$1http://www.wikidata.org/entity/Q1544924$92775
=651  \0$aGermany$1http://www.wikidata.org/entity/Q183$9155
=942  \\$cBOO
=952  \\$00$10$2ddc$40$6TOP_DE_5_000000000000000$70$8TOP$97029$aORPH$bORPH$cKTS0$d2020-07-08$eKoopman$i30A17$l0$oTOP DE 5$p20123428$r2021-01-12 00:00:00$w2021-01-12$yBOO
=999  \\$d7030

