=LDR  01209cam a2200277 a 4500
=001  7033
=005  20250120120205.0
=008  831019s1982\\\\fr\\\\\\\b\\\\000\0bfre\\
=020  \\$a2213011362 :$c98.00F
=040  \\$aOI
=100  \\$aDuchêne, Roger$d1930-2006$910614
=245  10$aMadame de Sévigné, ou, La chance d'être femme /$cRoger Duchêne.
=260  \\$a[Paris] :$bFayard,$cc1982.
=300  \\$a478 p. ;$c22 cm.
=504  \\$aBibliography: p. [474]-478.
=600  \0$aMadame de Sévigné$d1626-1696$1http://www.wikidata.org/entity/Q237103$910615
=648  \0$a17th Century (1601-1700)$1http://www.wikidata.org/entity/Q7016$920923
=650  \0$aWriter$1http://www.wikidata.org/entity/Q36180$93885
=650  \0$aGender$1http://www.wikidata.org/entity/P21$921254
=650  \0$aFemale$1http://www.wikidata.org/entity/Q6581072$921764
=650  \0$aBiography$1http://www.wikidata.org/entity/Q36279$91927
=651  \0$aFrance$1http://www.wikidata.org/entity/Q142$9131
=740  0\$aMadame de Sévigné.
=942  \\$cBOO
=952  \\$00$10$2ddc$40$6BIO_SEVI_D$70$8BIO$97032$aORPH$bORPH$cKTS1_P$d2020-07-08$eKoopman$i44B34$l0$oBIO SEVI d$p20126679$r2021-01-12 00:00:00$w2021-01-12$yBOO$OKoopman
=999  \\$d7033

