=LDR  00762aam a2200181   4500
=001  7035
=008  241218s1964\\\\||||||||\||||\00|\0\eng\d
=041  \\$aeng
=100  \\$aDuckles, V.$910616
=245  \\$aMusic Reference and Research Materials.$bAn Annotated Bibliography
=260  \\$c1964$aLondon$bCollier-Macmillan
=300  \\$a331 pages
=650  \0$aBibliography$1http://www.wikidata.org/entity/Q134995$93965
=650  \0$aMusicology$1http://www.wikidata.org/entity/Q164204$93925
=650  \0$aMusic history$1http://www.wikidata.org/entity/Q846047$921373
=942  \\$cBOO
=952  \\$00$10$2ddc$40$6BIB_3_000000000000000_DUCK$70$8BIB$97034$aORPH$bORPH$cKTS0$d2020-07-08$eKoopman$i31E15$l0$oBIB3 DUCK$p20123217$r2021-01-12 00:00:00$w2021-01-12$yBOO$OKoopman
=999  \\$d7035

