=LDR  00389    a2200109   4500
=001  7046
=100  \\$aDufourcq, Norbert$d1904-1990$918235
=245  \\$aNicolas Lebègue (1631-1702), orga
=260  \\$c1954
=942  \\$cBOO
=952  \\$00$10$2ddc$40$6BIO_LEBE_D$70$8BIO$97045$aORPH$bORPH$cKTS1_P$d2020-07-08$eKoopman$i32F16$l0$oBIO LEBE d$p20123087$r2021-01-12 00:00:00$w2021-01-12$yBOO$OKoopman
=999  \\$c7046$d7046

