=LDR  01069cam a2200229 a 4500
=001  7049
=005  20230123093100.0
=008  920618s1991\\\\ne\af\\\\b\\\\001\1\dut\\
=020  \\$a9051832796
=040  \\$aOI
=100  \\$aDuijkerius, Johannes$d1661 or 1662-1702$910622
=245  14$aHet leven van Philopater ; en, Vervolg van 't leven van Philopater :$been spinozistische sleutelroman uit 1691/1697 /$cJohannes Duijkerius ; opnieuw uitgegeven en van een inleiding en noten voorzien door Gerardine Maréchal.
=260  \\$aAmsterdam ;$aAtlanta, Ga. :$bRodopi,$c1991.
=300  \\$a215 p., [8] p. of plates :$bill. ;$c24 cm.
=490  1\$aAtlantis ;$v2
=504  \\$aIncludes bibliographical references (p. 39-44) and index.
=700  \\$aMaréchal, Gerardine$910623
=700  \2$aDuijkerius, Johannes$d1661 or 1662-1702$910622
=830  \0$9493$aAtlantis (Rodopi (Firm)) ;$v2.
=942  \\$cBOO
=952  \\$00$10$2ddc$40$6LIT_DUIJ_A$70$8LIT$97048$aORPH$bORPH$cKM12_2_H$d2020-07-08$eKoopman$i30D25$oLIT DUIJ a$p20121179$r2021-01-12 00:00:00$w2021-01-12$yBOO
=999  \\$c7049$d7049

