=LDR  01695cam a22003134a 4500
=001  7050
=008  030701s2003\\\\ne\ab\\\\b\\\\001\0\dut\\
=020  \\$a9076452547
=041  \\$adut
=245  00$aReis in drukken.$bUit de verzamelingen van leden van het Nederlands Genootschao van Bibliofielen
=260  \\$aAmsterdam $bDe Buitenkant$c2003
=300  \\$a285 pages (some folded)$bill. (some col.), maps (some col.)$c18 cm.
=500  \\$aReis in Drukken verschijnt bij de tentoonstelling ter gelegenheid van het twaalfeneenhalfjarig bestaan van het Nederlands Genootschap ban Bibliofielen, in de Universiteitsbibliotheek Amsterdam, van 7 april tot en met 16 mei 2003.
=650  \0$aTravel$1http://www.wikidata.org/entity/Q61509$94440
=650  \0$aPrint circulation$1http://www.wikidata.org/entity/Q759811$922678
=650  \0$aBook$1http://www.wikidata.org/entity/Q571$92285
=650  \0$aBibliophilia$1http://www.wikidata.org/entity/Q214719$921630
=650  \0$aCollecting$1http://www.wikidata.org/entity/Q208165$92117
=700  \\$aDuijzer, Henk$910625$4edt
=700  \\$aFontaine Verwey, Isa de la$926808$4edt
=700  \\$aJonge, Jan de$911890$4edt
=700  \\$aSchreuder, Frederik$926809$4edt
=700  \\$aJaspers, Gerard$911855$4edt
=700  \\$aDijstelberge, Paul$4pht$910626
=710  \\$aNederlands Genootschap van Bibliofielen (Netherlands)$91292
=710  \\$aUniversiteitsbibliotheek van Amsterdam (Netherlands)$1http://www.wikidata.org/entity/Q2017571$91293
=942  \\$cBOO
=952  \\$00$10$2ddc$40$6BIB_1_000000000000000_DUIJ$70$8BIB$97049$aORPH$bORPH$cKTS0$d2020-07-08$eKoopman$i33E54$l0$oBIB1 DUIJ$p20120935$r2021-01-12 00:00:00$w2021-01-12$yBOO$OKoopman
=999  \\$d7050

