=LDR  00911    a2200181   4500
=001  7051
=008  211222s1969\\\\\\\|||||\||||\00|\0\dut\d
=041  \\$adut$adum
=100  \\$aDuinhoven, A. M.$4edt$910627
=245  \\$aKarel ende Elegast:$bdiplomatische uitgave van de Middelnederlandse teksten en de tekst uit de Karlmeinet-compilatie
=260  \\$aZwolle$bTjeenk Willink$c1969
=600  \0$aCharlemagne$cHoly Roman Emperor; King of Franks; King of Italy$d742-814$1http://www.wikidata.org/entity/Q3044$923308
=648  \0$aMiddle Ages (500-1400)$1http://www.wikidata.org/entity/Q12554$920964
=650  \0$aNovel$1http://www.wikidata.org/entity/Q8261$921629
=651  \0$aFlanders (Belgium)$1http://www.wikidata.org/entity/Q234$989
=942  \\$cBOO
=952  \\$00$10$2ddc$40$6LIT_ELEG_A$70$8LIT$97050$aORPH$bORPH$cKM12_2_H$d2020-07-08$eKoopman$i20A33$oLIT ELEG a$p20128025$r2021-01-12 00:00:00$w2021-01-12$yBOO
=999  \\$d7051

