=LDR  01234aam a2200277   4500
=001  7052
=005  20250926134854.0
=008  240531s2017\\\\||||||||\||||\00|\0beng\d
=020  \\$a9789631288650
=041  \\$aeng
=100  \\$aSchweigert, G.$4edt$927399
=245  \\$aExcerpts from Eternity:$bThe Purification of Time and Character, the Fulfilment of Love, Cooperation with the Celestial Will in Johann Sebastian Bach's Ciaccona for Violin
=246  \1$aBWV 1004
=260  \\$aBudapest$bBioBach$c2017
=300  \\$eTube
=600  \0$aBach, Johann Sebastian$d1685-1750$1http://www.wikidata.org/entity/Q1339$94766
=648  \0$a18th Century (1701-1800)$1http://www.wikidata.org/entity/Q7015$920899
=650  \0$aChaconne$1http://www.wikidata.org/entity/Q841238$92977
=650  \0$aSonata$1http://www.wikidata.org/entity/Q131269$921653
=650  \0$aViolin$1http://www.wikidata.org/entity/Q8355$92783
=651  \0$aGermany$1http://www.wikidata.org/entity/Q183$9155
=700  \\$aDukay, B.$4aut$910628
=700  \\$aAbraham, M.$4aut$927400
=942  \\$cBOO
=952  \\$00$10$40$6BIO_BACH1_E$70$8BIO$97051$aORPH$bORPH$cKTS1_P$d2020-07-08$eKoopman$i47A20$oBIO BACH1 e$p20123762$r2021-01-12 00:00:00$w2021-01-12$yBOO$OKoopman
=999  \\$d7052

