=LDR  00387    a2200121   4500
=001  7054
=020  \\$a9062430104
=100  \\$aDullaert, H.$910632
=245  \\$aH. Dullaerts Gedichten
=260  \\$c1978
=942  \\$cBOO
=952  \\$00$10$2ddc$40$6BIO_DULL_A$70$8BIO$97053$aORPH$bORPH$cKTS1_P$d2020-07-08$eKoopman$i42E30-2$oBIO DULL a$p20122018$r2021-01-12 00:00:00$w2021-01-12$yBOO$OKoopman
=999  \\$c7054$d7054

