=LDR  01065    a2200205   4500
=001  7055
=008  210915s1966\\\\\\\|||||\||||\00|\0bdut\d
=041  \\$adut
=100  \\$aDunning, Albert$d1936-2005$4aut$1http://www.wikidata.org/entity/Q1382965$914862
=245  \\$aDe muziekuitgever Gerhard Frederik Witvogel:$been bijdrage tot de geschiedenis van de Nederlandse muziekuitgeverij in de achttiende eeuw
=260  \\$aUtrecht$bOosthoek$c1966
=490  \\$aMuziekhistorische monografieën$v2
=600  \0$aWitvogel, Gerhard Fredrik$dc. 1669-1746$1http://www.wikidata.org/entity/Q72938849$922212
=648  \0$a18th Century (1701-1800)$1http://www.wikidata.org/entity/Q7015$920899
=650  \0$aPublishing$1http://www.wikidata.org/entity/Q3972943$93049
=650  \0$aBiography$1http://www.wikidata.org/entity/Q36279$91927
=651  \0$aNetherlands$1http://www.wikidata.org/entity/Q55$9173
=942  \\$cBOO
=952  \\$00$10$2ddc$40$6BIO_WITV_D$70$8BIO$97054$aORPH$bORPH$cKTS1_P$d2020-07-08$eKoopman$i21D57$oBIO WITV d$p20128247$r2021-01-12 00:00:00$w2021-01-12$yBOO
=999  \\$d7055

