=LDR  01427nam a2200289 cb4500
=001  7056
=003  OI
=005  20250121142121.0
=008  930421s1962\\\\\\\agl|\\||||\00|||\ger\d
=040  \\$aOI
=041  0\$ager
=100  \\$aDunning, Albert$d1936-2005$1http://www.wikidata.org/entity/Q1382965$4aut$914862
=245  10$aJoseph Schmitt.$bLeben und Kompositionen des Eberbacher Zisterziensers und Amsterdamer Musikverlegers (1734 - 1791)
=260  \\$aAmsterdam$bHeuwekemeyer$c1962
=300  \\$a135 pages$billustrations, music examples
=490  1\$aBeiträge zur mittelrheinischen Musikgeschichte$v1
=600  \0$aSchmitt, Joseph$d1734-1791$1http://www.wikidata.org/entity/Q1707976$927419
=610  \0$aCistercians$1http://www.wikidata.org/entity/Q166861$923733
=648  \0$a18th Century (1701-1800)$1http://www.wikidata.org/entity/Q7015$920899
=650  \0$aComposer$1http://www.wikidata.org/entity/Q36834$93625
=650  \0$aBiography$1http://www.wikidata.org/entity/Q36279$91927
=650  \0$aMusic printing$1http://www.wikidata.org/entity/Q64416036$94007
=651  \0$aEberbach (Germany)$1http://www.wikidata.org/entity/Q22873$927420
=651  \0$aAmsterdam (Netherlands)$1http://www.wikidata.org/entity/Q727$9135
=942  \\$cBOO
=952  \\$00$10$2ddc$40$6BIO_SCHM2_D$70$8BIO$97055$aORPH$bORPH$cKTS1_P$d2020-07-08$eKoopman$i23G30$oBIO SCHM2 d$p20125746$r2021-01-12 00:00:00$w2021-01-12$yBOO$OKoopman
=999  \\$d7056

