=LDR  00390    a2200121   4500
=001  7059
=020  \\$a90400889688
=100  \\$aDuparc, F. J.$910634
=245  \\$aCarel Fabritius 1622-1654
=260  \\$c2004
=942  \\$cBOO
=952  \\$00$10$2ddc$40$6BIO_FABR_D$70$8BIO$97058$aORPH$bORPH$cKTS1_P$d2020-07-08$eKoopman$i33B28$oBIO FABR d$p20122750$r2021-01-12 00:00:00$w2021-01-12$yBOO$OKoopman
=999  \\$c7059$d7059

