=LDR  00410    a2200121   4500
=001  7060
=020  \\$a3875371801
=100  \\$aDupré, Marcel$d1886-1971$910635
=245  \\$aErinnerungen, Marcel Dupré racont
=260  \\$c1981
=942  \\$cBOO
=952  \\$00$10$2ddc$40$6BIO_DUPR_A$70$8BIO$97059$aORPH$bORPH$cKTS1_P$d2020-07-08$eKoopman$i32D27$oBIO DUPR a$p20123118$r2021-01-12 00:00:00$w2021-01-12$yBOO$OKoopman
=999  \\$c7060$d7060

