=LDR  05624cam a2200625 a 4500
=001  7064
=005  20250219093826.0
=008  871201s1986\\\\it\acfg\\b\\\\101\0dita\\
=020  \\$a8822234383
=040  \\$aOI
=041  \\$aita
=245  10$aGirolamo Frescobaldi nel IV centenario della nascita:$batti del Convegno internazionale di studi (Ferrara, 9-14 settembre 1983)
=260  \\$aFlorence$bOlschki$c1986.
=300  \\$a470 pages$billustrations, portraits, plates, music, facsimiles$c25 cm
=490  \\$aQuaderni della Rivista italiana di musicologia$v10
=504  \\$aIncludes bibliographical references and index.
=505  \\$gAncora sulle messe attribuite a Frescobaldi: proposta di un prifittevole scambio / C. Annibaldi -- Il temperamento equabile nel periodo frescobaldiano / P. Barbieri -- Appunti sulle relazioni tra Frescobaldi e l'ambiente musicale marchigiano: l'intavolatura di Ancona / A. Cavicchi -- Frescobaldi e la Francia / F. Claudon -- Giovanni Girolamo Kapsberger "della tiorba" l'influenza liutistica sulle toccate di Frescobaldi / V. Coelho -- I manoscritti Chigi Q.IV.24 e Q.Vol.205/206 come fonti frescobaldiane: criteri filologici di autencità / E. Darbellay -- Le Cento partite di Frescobaldi: metro, tempo e processo di composizione / E. Darbellay --  Frescobaldi e le raccolte con composizioni a voce sola del primo Seicento / D. Fabris, A. Pompilio & A. Vassalli -- Frescobaldi e la musica in casa Bentivoglio / D. Fabris -- L'aspetto retorico del linguaggio frescobaldiano / E. Fadini -- Il dramma in musica e Frescobaldi: problemi storico-critici / E. Ferrari Barassi -- "Intendomi chi più..." ovvero l'"obligo di cantare la quinta parte" in Frescobaldi / L. Hallman Russell -- Girolamo Frescobaldi: nuovi appunti biografici / F. Hammond -- Le Arie di Frescobaldi e la cerchia musicale del cardinal Montalto / J. W. Hill -- La revisione delle Canzoni e il suo significato per la comprensione del linguaggio frescobaldiano / N. M. Jensen -- Il Liber secundus diversarum modulationum (1627): proposte di realizzazione della parte mancante / F. Luisi -- Guardare ed ascoltare le toccate / A. Newcomb -- I mottetti di Frescobaldi e la scelta dei testi nel primo Seicento / J. Roche -- La rinascita degli interessi frescobaldiani presso i musicisti italiani del primo Novecento / S. Sablich -- Presenza di Girolamo Frescobaldi a Colle Val d'Elsa / E. Salerni Buracchio -- Tipi tonali nella musica di Frescobaldi per strumenti a tastiera / A. Silbiger -- Questioni di stile nei mottetti di Frescobaldi / C. Stembridge -- Il cembalo italiano al tempo di Frescobaldi: problemi relativi alla misurazione delle corde e alla tastiera / D. Wraight
=600  \0$aFrescobaldi, Girolamo$d1583-1643$1http://www.wikidata.org/entity/Q209212$910961
=600  \0$aKapsperger, Giovanni Girolamo$d1580-1651$1http://www.wikidata.org/entity/Q707863$920933
=610  \0$aBentivoglio family$1http://www.wikidata.org/entity/Q12785705$922328
=610  \0$aMontalto family$1http://www.wikidata.org/entity/Q37544804$939742
=648  \0$a17th Century (1601-1700)$1http://www.wikidata.org/entity/Q7016$920923
=648  \0$a19th Century (1801-1900)$1http://www.wikidata.org/entity/Q6955$920935
=650  \0$aComposer$1http://www.wikidata.org/entity/Q36834$93625
=650  \0$aOrganist$1http://www.wikidata.org/entity/Q765778$94471
=650  \0$aMass$1http://www.wikidata.org/entity/Q217295$92735
=650  \0$aTemperament$1http://www.wikidata.org/entity/Q55073971$921656
=650  \0$aToccata$1http://www.wikidata.org/entity/Q140544$923527
=650  \0$aInfluence$1http://www.wikidata.org/entity/Q1307337$1http://www.wikidata.org/entity/Q16578639$922289
=650  \0$aManuscript$1http://www.wikidata.org/entity/Q87167$92275
=650  \0$aPartita$1http://www.wikidata.org/entity/Q388383$926980
=650  \0$aComposing$1http://www.wikidata.org/entity/Q92186587$1http://www.wikidata.org/entity/Q11895763$93076
=650  \0$aRhetoric$1http://www.wikidata.org/entity/Q81009$93894
=650  \0$aAria$1http://www.wikidata.org/entity/Q178122$921592
=650  \0$aCanzona$1http://www.wikidata.org/entity/Q207683$924395
=650  \0$aMotet$1http://www.wikidata.org/entity/Q188285$92028
=650  \0$aText$1http://www.wikidata.org/entity/Q234460$94267
=650  \0$aLegacy$1http://www.wikidata.org/entity/Q623282$922131
=650  \0$aMusical style$1http://www.wikidata.org/entity/Q11921029$92421
=650  \0$aKeyboard music$1http://www.wikidata.org/entity/Q105715630$921412
=650  \0$aTopos$1http://www.wikidata.org/entity/Q15177520$925740
=650  \0$aHarpsichord$1http://www.wikidata.org/entity/Q81982$92125
=650  \0$aOrganology$1http://www.wikidata.org/entity/Q899293$921400
=650  \0$aString$1http://www.wikidata.org/entity/Q326426$922522
=650  \0$aKeyboard$1http://www.wikidata.org/entity/Q901207$923503
=651  \0$aRome (Italy)$1http://www.wikidata.org/entity/Q220$949
=651  \0$aMarche (Italy)$1http://www.wikidata.org/entity/Q1279$924406
=651  \0$aAncona (Italy)$1http://www.wikidata.org/entity/Q3415$939741
=651  \0$aFrance$1http://www.wikidata.org/entity/Q142$9131
=651  \0$aColle di Val d'Elsa (Italy)$1http://www.wikidata.org/entity/Q91192$939743
=700  \\$aDurante, Sergio$d1954-$1http://www.wikidata.org/entity/Q110254849$4edt$910638
=700  \\$aFabris, Dinko$d1958-$1http://www.wikidata.org/entity/Q62414885$4edt$910797
=942  \\$cBOO
=952  \\$00$10$2ddc$40$6BIO_FRES_E$70$8BIO$97063$aORPH$bORPH$cKTS1_P$d2020-07-08$eKoopman$i32D43$oBIO FRES e$p20123102$r2021-01-12 00:00:00$w2021-01-12$yBOO$OKoopman
=999  \\$d7064

