=LDR  00579    a2200157   4500
=001  7066
=008  210426s1973\\\\\\\|||||\||||\00|\0\ger\d
=041  \\$ager
=100  \\$aDürer, Albrecht$d1471-1528$4aut$1http://www.wikidata.org/entity/Q5580$915684
=245  \\$aSchriften und Briefe
=260  \\$aLeipzig$bReclam$c1973
=700  \\$4edt$aUllmann, E.$921358
=700  \\$4edt$aPradel, E.$921359
=942  \\$cBOO
=952  \\$00$10$2ddc$40$6BIO_DÜRE_A$70$8BIO$97065$aORPH$bORPH$cKTS1_P$d2020-07-08$eKoopman$i40B29$l0$oBIO DÜRE a$p20120303$r2021-01-12 00:00:00$w2021-01-12$yBOO
=999  \\$c7066$d7066

