=LDR  00711    a2200169   4500
=001  7067
=008  210426b\\\\\\\\\\\|||||\||||\00|\0\ger\d
=041  \\$ager
=100  \\$aDürer, Albrecht$d1471-1528$4aut$1http://www.wikidata.org/entity/Q5580$915684
=245  \\$aTagebuch der Reise in die Niederlände
=260  \\$aLeipzig$bInsel$cs.d.
=648  \0$a16th Century (1501-1600)$1http://www.wikidata.org/entity/Q7017$920944
=651  \0$aNetherlands$1http://www.wikidata.org/entity/Q55$9173
=700  \\$4edt$aBergemann, F.$921360
=942  \\$cBOO
=952  \\$00$10$2ddc$40$6BIO_DÜRE_A$70$8BIO$97066$aORPH$bORPH$cKTS1_P$d2020-07-08$eKoopman$i40B30$oBIO DÜRE a$p20120302$r2021-01-12 00:00:00$w2021-01-12$yBOO
=999  \\$c7067$d7067

