=LDR  01655aaa a2200301   4500
=001  7068
=008  250618s1957\\\\||||||||\||||\001\\cfre\d
=041  \\$afre
=100  \\$aDelamarre, Jean$d1663-1728$940420$4rcp$4aut
=245  \\$aDix années à la chapelle royale de musique d'après une correspondance inédite (1718-1728)
=260  \\$c1957$aParis$bPicard
=300  \\$a70-[2] pages
=490  \\$aLa Revue de Musicologie $v1955-1956 (Extrait)
=500  \\$aJean Delamarre was a singer -haute taille - at the Chapelle du Roi (Versailles) from 1689.
=610  \0$aChâteau de Versailles (France)$1http://www.wikidata.org/entity/Q2946$920958
=648  \0$a18th Century (1701-1800)$1http://www.wikidata.org/entity/Q7015$920899
=650  \0$aCappella$1http://www.wikidata.org/entity/Q19902156$922910
=650  \0$aCorrespondence$1http://www.wikidata.org/entity/Q1784733$921392
=650  \0$aMusic history$1http://www.wikidata.org/entity/Q846047$921373
=650  \0$aMusician$1http://www.wikidata.org/entity/Q639669$93574
=650  \0$aBiography$1http://www.wikidata.org/entity/Q36279$91927
=650  \0$aCourt$1http://www.wikidata.org/entity/Q1134237$922191
=651  \0$aVersailles (France)$1http://www.wikidata.org/entity/Q621$920957
=700  \\$aDufourcq, Norbert$d1904-1990$1http://www.wikidata.org/entity/Q221775$4aut$4edt$918235
=700  \\$aBenoit, Marcelle$d1921-$1http://www.wikidata.org/entity/Q64214156$4aut$4edt$99505
=942  \\$cBOO
=952  \\$00$10$2ddc$40$6TOP_FR_VER_5_000000000000000$70$8TOP$97067$aORPH$bORPH$cKTS0$d2020-07-08$eKoopman$i20B44$l0$oTOP FR.VER 5$p20127960$r2021-01-12 00:00:00$w2021-01-12$yBOO$OKoopman
=999  \\$d7068

