=LDR  01011aam a2200217   4500
=001  7069
=008  250210s1991\\\\|||agjf|\b|||\001\0dfre\d
=041  \\$afre
=100  \\$aDurosoir, Georgie$d1939-$1http://www.wikidata.org/entity/Q112426068$910642$4aut
=245  \\$aL'Air de cour en France 1571-1655
=260  \\$aLiège$bMardaga$c1991
=300  \\$a462 pages
=648  \0$a16th Century (1501-1600)$1http://www.wikidata.org/entity/Q7017$920944
=648  \0$a17th Century (1601-1700)$1http://www.wikidata.org/entity/Q7016$920923
=650  \0$aCourt$1http://www.wikidata.org/entity/Q1134237$922191
=650  \0$aAir de cour$1http://www.wikidata.org/entity/Q407916$921710
=650  \0$aMusic history$1http://www.wikidata.org/entity/Q846047$921373
=651  \0$aFrance$1http://www.wikidata.org/entity/Q142$9131
=942  \\$cBOO
=952  \\$00$10$2ddc$40$6TOP_FR_4_000000000000000$70$8TOP$97068$aORPH$bORPH$cKTS0$d2020-07-08$eKoopman$i21B20$l0$oTOP FR 4$p20128361$r2021-01-12 00:00:00$w2021-01-12$yBOO$OKoopman
=999  \\$d7069

