=LDR  01211cam a2200277 i 4500
=001  7070
=005  20250926134854.0
=008  780505s1976\\\\gw\ah\\\\b\\\\000\0\ger\\
=015  \\$aGFR77-A26
=020  \\$a3761805446
=040  \\$aOI
=100  \\$aDürr, Alfred$d1918-2011$1http://www.wikidata.org/entity/Q84411$910643$4aut
=245  10$aZur Chronologie der Leipziger Vokalwerke J. S. Bachs
=250  \\$a2nd ed.
=260  \\$aKassel$aBasel$aTours$aLondon$bBärenreiter$c1976
=300  \\$a173 pages$btables, facsimiles$c25 cm
=490  \\$aMusikwissenschaftliche Arbeiten
=504  \\$aIncludes bibliographical references.
=600  \0$aBach, Johann Sebastian$d1685-1750$1http://www.wikidata.org/entity/Q1339$94766
=648  \0$a18th Century (1701-1800)$1http://www.wikidata.org/entity/Q7015$920899
=650  \0$aVocal music$1http://www.wikidata.org/entity/Q685884$93319
=650  \0$aChronology$1http://www.wikidata.org/entity/Q130788$922826
=651  \0$aLeipzig (Germany)$1http://www.wikidata.org/entity/Q2079$945
=942  \\$cBOO
=952  \\$00$10$2ddc$40$6BIO_BACH1_C$70$8BIO$97069$aORPH$bORPH$cKTS1_P$d2020-07-08$eKoopman$i22A41$oBIO BACH1 c$p20125592$r2021-01-12 00:00:00$w2021-01-12$yBOO
=999  \\$d7070

