=LDR  00413    a2200109   4500
=001  7071
=100  \\$aDürr, Alfred$d1918-2011$1http://www.wikidata.org/entity/Q84411$910643
=245  \\$aStudien über die frühen Kantaten
=260  \\$c1951
=942  \\$cBOO
=952  \\$00$10$2ddc$40$6BIO_BACH1_E$70$8BIO$97070$aORPH$bORPH$cKTS1_P$d2020-07-08$eKoopman$i23E3$oBIO BACH1 e$p20128965$r2021-01-12 00:00:00$w2021-01-12$yBOO
=999  \\$c7071$d7071

