=LDR  00424    a2200121   4500
=001  7072
=020  \\$a9783761812297
=100  \\$aDürr, Alfred$d1918-2011$1http://www.wikidata.org/entity/Q84411$910643
=245  \\$aJohann Sebastian Bach
=260  \\$c1998
=942  \\$cBOO
=952  \\$00$10$2ddc$40$6BIO_BACH1_E$70$8BIO$97071$aORPH$bORPH$cKTS1_P$d2020-07-08$eKoopman$oBIO BACH1 e$p20125906$r2021-01-12 00:00:00$w2021-01-12$yBOO
=999  \\$c7072$d7072

