=LDR  01540cam a2200301 a 4500
=001  7086
=005  20250926134854.0
=008  851106s1985\\\\gw\g\\\\\b\\\\001\0\ger\\
=020  \\$a3423044314 (set)
=020  \\$a376184431X (Bärenreiter)
=040  \\$aOI
=100  \\$aDürr, Alfred$d1918-2011$1http://www.wikidata.org/entity/Q84411$910643
=245  14$aDie Kantaten von Johann Sebastian Bach mit ihren Texten
=250  \\$a5th rev. ed.
=260  \\$aMunich$bDeutscher Taschenbuch Verlag$aKassel$bBärenreiter$c1985
=300  \\$bmusic$c18 cm
=504  \\$aBibliography: p. 1007-1013.
=600  \0$aBach, Johann Sebastian$d1685-1750$1http://www.wikidata.org/entity/Q1339$94766
=648  \0$1http://www.wikidata.org/entity/Q7015$a18th Century (1701-1800)$920899
=650  \0$aCantata$1http://www.wikidata.org/entity/Q174873$921603
=650  \0$aMusic history$1http://www.wikidata.org/entity/Q846047$921373
=650  \0$aMusical analysis$1http://www.wikidata.org/entity/Q1544924$92775
=651  \0$1http://www.wikidata.org/entity/Q183$aGermany$9155
=942  \\$cBOO
=952  \\$00$10$2ddc$3Band 1$40$6BIO_BACH1_E$70$8BIO$97085$aORPH$bORPH$cKTS1_P$d2020-07-08$eKoopman$i31D23_1$oBIO BACH1 e$p20121059$r2021-01-12 00:00:00$w2021-01-12$yBOO$OKoopman
=952  \\$00$10$40$6RESERVE$70$8REF$914860$aORPH$bORPH$cKM12_1$l0$oReserve$p20117406$r2021-01-12 00:00:00$w2021-01-12$yBOO$d2020-07-08
=952  \\$00$10$40$6RESERVE$70$8REF$914861$aORPH$bORPH$cKM12_1$l0$oReserve$p20117492$r2021-01-12 00:00:00$w2021-01-12$yBOO$d2020-07-08
=999  \\$d7086

