=LDR  01326aam a2200265   4500
=001  7087
=005  20250926134854.0
=008  230517s1971\\\\|||g||||\||||\00|\0\ger\d
=020  \\$a3423040807
=041  \\$ager
=100  \\$aDürr, Alfred$d1918-2011$4aut$1http://www.wikidata.org/entity/Q84411$910643
=245  \\$aDie Kantaten von Johann Sebastian Bach
=260  \\$aKassel$aBasel$aTours$aLondon$bBärenreiter$c1971
=300  \\$a2 vols.
=490  \\$aDTV wissenschaftliche Reihe
=600  \0$1http://www.wikidata.org/entity/Q1339$aBach, Johann Sebastian$d1685-1750$94766
=648  \0$1http://www.wikidata.org/entity/Q7015$a18th Century (1701-1800)$920899
=650  \0$1http://www.wikidata.org/entity/Q174873$aCantata$921603
=650  \0$1http://www.wikidata.org/entity/Q846047$aMusic history$921373
=650  \0$1http://www.wikidata.org/entity/Q1544924$aMusical analysis$92775
=651  \0$1http://www.wikidata.org/entity/Q183$aGermany$9155
=942  \\$cBOO
=952  \\$00$10$2ddc$3Band 1$40$6BIO_BACH1_E$70$8BIO$97086$aORPH$bORPH$cKTS1_P$d2020-07-08$eKoopman$i31D23_1$oBIO BACH1 e$p20121060$r2021-01-12 00:00:00$w2021-01-12$yBOO
=952  \\$00$10$2ddc$3Band 2$40$6BIO_BACH1_E$70$8BIO$97087$aORPH$bORPH$cKTS1_P$d2020-07-08$eKoopman$i31D23_2$oBIO BACH1 e$p20121058$r2021-01-12 00:00:00$w2021-01-12$yBOO$OKoopman
=999  \\$d7087

