=LDR  01110cam a2200217 a 4500
=001  7090
=005  20250926134854.0
=008  891121s1988\\\\gw\agh\\\b\\\\001\0\ger\\
=020  \\$a3761809042
=040  \\$aOI
=100  \\$aDürr, Alfred$d1918-2011$1http://www.wikidata.org/entity/Q84411$910643
=245  10$aIm Mittelpunkt Bach :$bausgewählte Aufsätze und Vorträge /$cAlfred Dürr ; hrsg. vom Kollegium des Johann-Sebastian-Bach-Instituts Göttingen ; [Herausgeber, Kirsten Beisswenger ... et al.].
=260  \\$aKassel :$bBärenreiter,$cc1988.
=300  \\$aviii, 288 p. :$bill., music, facsims. ;$c25 cm.
=504  \\$aIncludes bibliographical references and indexes.
=600  \0$aBach, Johann Sebastian$d1685-1750$1http://www.wikidata.org/entity/Q1339$94766
=700  \\$aBeißwenger, Kirsten$99487
=710  \\$aJohann-Sebastian-Bach-Institut (Göttingen, Germany)$1http://www.wikidata.org/entity/Q1692186$91297
=942  \\$cBOO
=952  \\$00$10$2ddc$40$6BIO_BACH1_E$70$8BIO$97089$aORPH$bORPH$cKTS1_P$d2020-07-08$eKoopman$i33A08$oBIO BACH1 e$p20123049$r2021-01-12 00:00:00$w2021-01-12$yBOO
=999  \\$c7090$d7090

