=LDR  00863aam a2200193   4500
=001  7097
=008  250623s1885\\\\|||ao|||\b|||\001\0\eng\d
=020  \\$a9780714120294
=041  \\$aeng
=100  \\$aEames, Elizabeth$d1918-2008$1http://www.wikidata.org/entity/Q18528555$910652$4aut
=245  \\$aEnglish Medieval Tiles
=260  \\$c1985$aLondon$bBritish Museum Publications
=300  \\$a72 pages
=648  \0$aMiddle Ages (500-1400)$1http://www.wikidata.org/entity/Q12554$920964
=650  \0$aApplied arts$1http://www.wikidata.org/entity/Q2865882$921627
=651  \0$aUnited Kingdom$1http://www.wikidata.org/entity/Q21$1http://www.wikidata.org/entity/Q145$9273
=942  \\$cBOO
=952  \\$00$10$2ddc$40$6TOP_GB_3_000000000000000$70$8TOP$97096$aORPH$bORPH$cKTS0$d2020-07-08$eKoopman$i18D09$l0$oTOP GB 3$p20125063$r2021-01-12 00:00:00$w2021-01-12$yBOO$OKoopman
=999  \\$d7097

