=LDR  01514cam a22002775a 4500
=001  7099
=005  20250925143257.0
=008  981109s1998\\\\gw\a\\\\\\\\\\000\0dger\\
=041  \\$ager
=245  04$aDie Sing-Akademie zu Berlin und ihre Direktoren
=260  \\$aBerlin$bStaatliches Institut für Musikforschung Preussischer Kulturbesitz,$c1998
=300  \\$a112 pages
=610  \0$aBerliner Singakademie (Berlin, Germany)$91299
=648  \0$a18th Century (1701-1800)$1http://www.wikidata.org/entity/Q7015$920899
=648  \0$a19th Century (1801-1900)$1http://www.wikidata.org/entity/Q6955$920935
=648  \0$a20th Century (1901-2000)$1http://www.wikidata.org/entity/Q6927$920936
=650  \0$aSinging$1http://www.wikidata.org/entity/Q27939$92767
=650  \0$aMusic history$1http://www.wikidata.org/entity/Q846047$921373
=650  \0$aMusic education$1http://www.wikidata.org/entity/Q27908$921766
=651  \0$aBerlin (Germany)$1http://www.wikidata.org/entity/Q64$948
=700  \\$aEberle, Gottfried$1http://www.wikidata.org/entity/Q95343406$4edt$910655
=700  \\$aRautenberg, Michael$4edt$910656
=942  \\$cBOO
=952  \\$00$10$2ddc$40$6TOP_DE_BER_5_000000000000000$70$8TOP$97098$aORPH$bORPH$cKTS0$d2020-07-08$eKoopman$i47B31$l0$oTOP DE.BER 5$p20121480$r2021-01-12 00:00:00$w2021-01-12$yBOO$OKoopman
=952  \\$00$10$2ddc$40$6TOP_DE_BER_5_000000000000000$70$8TOP$910663$aORPH$bORPH$cKTS0$d2020-07-08$eKoopman$i34D34$l0$oTOP DE.BER 5$p20120828$r2021-01-12 00:00:00$w2021-01-12$yBOO$OKoopman
=999  \\$d7099

