=LDR  01415    a2200277   4500
=001  7100
=008  220825s2018\\\\|||a||||\||||\00|\0ddut\d
=020  \\$a9783777431833
=041  \\$adut
=245  \\$aUtrecht, Caravaggio en Europa
=260  \\$aUtrecht$bCentraal Museum$bHirmer$bAlte Pinakothek$c2018
=300  \\$a304 pages$billustrations, color
=600  \0$aCaravaggio, Michelangelo Merisi da$d1573-1610$1http://www.wikidata.org/entity/Q42207$913988
=600  \0$aBrugghen, Hendrick ter$d1588?-1629$1http://www.wikidata.org/entity/Q437233$924757
=600  \0$aHonthorst, Gerard van$d1592-1656$1http://www.wikidata.org/entity/Q314548$924758
=600  \0$aBaburen, Dirck van$dc. 1595-1624$1http://www.wikidata.org/entity/Q380708$924759
=648  \0$a17th Century (1601-1700)$1http://www.wikidata.org/entity/Q7016$920923
=650  \0$aFine art$1http://www.wikidata.org/entity/Q219625$921579
=650  \0$aInfluence$1http://www.wikidata.org/entity/Q1307337$922289
=651  \0$aUtrecht (Netherlands)$1http://www.wikidata.org/entity/Q803$9141
=651  \0$aRome (Italy)$1http://www.wikidata.org/entity/Q220$949
=700  \\$4edt$aEbert, Bernd$910657
=700  \\$4edt$aHelmus, Liesbeth M.$924756
=942  \\$cBOO
=952  \\$00$10$2ddc$40$6TOP_NL_UTR_5_000000000000000$70$8TOP$97099$aORPH$bORPH$cKTS0$d2020-07-08$eKoopman$i47G26$l0$oTOP NL.UTR 5$p20121523$r2021-01-12 00:00:00$w2021-01-12$yBOO$OKoopman
=999  \\$d7100

